<?xml version="1.0" encoding="UTF-8"?>
<!DOCTYPE html PUBLIC "-//W3C//DTD XHTML 1.0 Transitional//EN"
    "http://www.w3.org/TR/xhtml1/DTD/xhtml1-transitional.dtd">
<html xmlns="http://www.w3.org/1999/xhtml" xml:lang="en" lang="en">
 <head>
  <title>
</title>
<meta http-equiv="Content-Type" content="text/html;charset=utf-8" />
  <meta name='ocr-system' content='tesseract 3.04.00' />
  <meta name='ocr-capabilities' content='ocr_page ocr_carea ocr_par ocr_line ocrx_word'/>
</head>
<body>
  <div class='ocr_page' id='page_1' title='image "./qustionesproper00brangoog_0030.png"; bbox 0 0 3428 5235; ppageno 0'>
   <div class='ocr_carea' id='block_1_1' title="bbox 1702 337 1788 403">
    <p class='ocr_par' dir='ltr' id='par_1_1' title="bbox 1702 337 1788 403">
     <span class='ocr_line' id='line_1_1' title="bbox 1702 337 1788 403; baseline 0.012 -1"><span class='ocrx_word' id='word_1_1' title='bbox 1702 337 1788 403; x_wconf 82' lang='lat'><strong>26</strong></span> 
     </span>
    </p>
   </div>
   <div class='ocr_carea' id='block_1_2' title="bbox 521 511 2971 718">
    <p class='ocr_par' dir='ltr' id='par_1_2' title="bbox 521 511 2971 718">
     <span class='ocr_line' id='line_1_2' title="bbox 521 511 2970 601; baseline 0.002 -22"><span class='ocrx_word' id='word_1_2' title='bbox 521 513 598 581; x_wconf 90' lang='lat' dir='ltr'><strong>de</strong></span> <span class='ocrx_word' id='word_1_3' title='bbox 643 512 828 580; x_wconf 89' lang='lat' dir='ltr'><strong>turba</strong></span> <span class='ocrx_word' id='word_1_4' title='bbox 874 511 1224 600; x_wconf 83' lang='lat' dir='ltr'>puellarum</span> <span class='ocrx_word' id='word_1_5' title='bbox 1273 512 1694 579; x_wconf 85' lang='lat' dir='ltr'><strong>Romanarum</strong></span> <span class='ocrx_word' id='word_1_6' title='bbox 1752 512 1847 601; x_wconf 93' lang='grc'><strong>(2,</strong></span> <span class='ocrx_word' id='word_1_7' title='bbox 1894 515 1959 595; x_wconf 89' lang='grc'><strong>8)</strong></span> <span class='ocrx_word' id='word_1_8' title='bbox 2017 514 2502 598; x_wconf 88' lang='lat' dir='ltr'><strong>intellegendum</strong></span> <span class='ocrx_word' id='word_1_9' title='bbox 2562 536 2699 583; x_wconf 86' lang='lat' dir='ltr'><strong>esse</strong></span> <span class='ocrx_word' id='word_1_10' title='bbox 2756 536 2834 582; x_wconf 84' lang='lat' dir='ltr'><strong>ex</strong></span> <span class='ocrx_word' id='word_1_11' title='bbox 2879 528 2970 583; x_wconf 86' lang='lat' dir='ltr'><strong>se-</strong></span> 
     </span>
     <span class='ocr_line' id='line_1_3' title="bbox 523 629 2971 718; baseline 0.001 -22"><span class='ocrx_word' id='word_1_12' title='bbox 523 629 854 716; x_wconf 88' lang='lat' dir='ltr'><strong>quentibus</strong></span> <span class='ocrx_word' id='word_1_13' title='bbox 900 629 1187 696; x_wconf 86' lang='lat' dir='ltr'><strong>uersibus</strong></span> <span class='ocrx_word' id='word_1_14' title='bbox 1233 629 1730 698; x_wconf 88' lang='lat' dir='ltr'><strong>luculentissime</strong></span> <span class='ocrx_word' id='word_1_15' title='bbox 1776 636 2060 718; x_wconf 87' lang='lat' dir='ltr'><strong>apparet.</strong></span> <span class='ocrx_word' id='word_1_16' title='bbox 2140 631 2231 697; x_wconf 92' lang='lat' dir='ltr'><strong>nil</strong></span> <span class='ocrx_word' id='word_1_17' title='bbox 2261 632 2473 714; x_wconf 66' lang='lat' dir='ltr'><strong>‚igitur</strong></span> <span class='ocrx_word' id='word_1_18' title='bbox 2522 638 2722 701; x_wconf 88' lang='lat' dir='ltr'><strong>restat</strong></span> <span class='ocrx_word' id='word_1_19' title='bbox 2751 632 2875 699; x_wconf 90' lang='lat' dir='ltr'><strong>nisi</strong></span> <span class='ocrx_word' id='word_1_20' title='bbox 2905 632 2971 699; x_wconf 93' lang='lat' dir='ltr'><strong>hi</strong></span> 
     </span>
    </p>
   </div>
   <div class='ocr_carea' id='block_1_3' title="bbox 521 766 2457 904">
    <p class='ocr_par' dir='ltr' id='par_1_3' title="bbox 521 766 2457 904">
     <span class='ocr_line' id='line_1_4' title="bbox 521 766 2457 904; baseline 0.02 -42"><span class='ocrx_word' id='word_1_21' title='bbox 521 766 774 814; x_wconf 44' lang='lat' dir='ltr'>uersum</span> <span class='ocrx_word' id='word_1_22' title='bbox 969 833 1037 888; x_wconf 85' lang='lat'><strong>15</strong></span> <span class='ocrx_word' id='word_1_23' title='bbox 1108 831 1384 888; x_wconf 79' lang='lat' dir='ltr'><strong>fortunata</strong></span> <span class='ocrx_word' id='word_1_24' title='bbox 1421 848 1547 889; x_wconf 91' lang='lat' dir='ltr'><strong>meo</strong></span> <span class='ocrx_word' id='word_1_25' title='bbox 1584 833 1631 888; x_wconf 82' lang='lat' dir='ltr'><strong>si</strong></span> <span class='ocrx_word' id='word_1_26' title='bbox 1669 849 1779 904; x_wconf 89' lang='lat' dir='ltr'><strong>qua</strong></span> <span class='ocrx_word' id='word_1_27' title='bbox 1816 837 1902 888; x_wconf 83' lang='lat' dir='ltr'><strong>est</strong></span> <span class='ocrx_word' id='word_1_28' title='bbox 1938 832 2214 889; x_wconf 86' lang='lat' dir='ltr'><strong>celebrata</strong></span> <span class='ocrx_word' id='word_1_29' title='bbox 2250 833 2457 890; x_wconf 77' lang='lat' dir='ltr'><strong>libe110²</strong></span> 
     </span>
    </p>
   </div>
   <div class='ocr_carea' id='block_1_4' title="bbox 1182 929 2541 988">
    <p class='ocr_par' dir='ltr' id='par_1_4' title="bbox 1182 929 2541 988">
     <span class='ocr_line' id='line_1_5' title="bbox 1182 929 2541 988; baseline 0.001 -2"><span class='ocrx_word' id='word_1_30' title='bbox 1182 932 1425 987; x_wconf 86' lang='lat' dir='ltr'><strong>carmina</strong></span> <span class='ocrx_word' id='word_1_31' title='bbox 1459 936 1620 987; x_wconf 86' lang='lat' dir='ltr'><strong>erunt</strong></span> <span class='ocrx_word' id='word_1_32' title='bbox 1655 929 1863 987; x_wconf 83' lang='lat' dir='ltr'><strong>formae</strong></span> <span class='ocrx_word' id='word_1_33' title='bbox 1900 935 1984 987; x_wconf 88' lang='lat' dir='ltr'><strong>tot</strong></span> <span class='ocrx_word' id='word_1_34' title='bbox 2022 932 2357 987; x_wconf 86' lang='lat' dir='ltr'><strong>monimenta</strong></span> <span class='ocrx_word' id='word_1_35' title='bbox 2392 937 2541 988; x_wconf 83' lang='lat' dir='ltr'><strong>tuae.</strong></span> 
     </span>
    </p>
   </div>
   <div class='ocr_carea' id='block_1_5' title="bbox 519 1049 2976 1254">
    <p class='ocr_par' dir='ltr' id='par_1_5' title="bbox 519 1049 2976 1254">
     <span class='ocr_line' id='line_1_6' title="bbox 519 1049 2972 1136; baseline 0.002 -20"><span class='ocrx_word' id='word_1_36' title='bbox 519 1051 560 1117; x_wconf 94' lang='lat' dir='ltr'><strong>i.</strong></span> <span class='ocrx_word' id='word_1_37' title='bbox 613 1070 666 1115; x_wconf 90' lang='lat' dir='ltr'><strong>e.</strong></span> <span class='ocrx_word' id='word_1_38' title='bbox 739 1050 1058 1116; x_wconf 91' lang='lat' dir='ltr'><strong>fortunata</strong></span> <span class='ocrx_word' id='word_1_39' title='bbox 1104 1049 1312 1116; x_wconf 88' lang='lat' dir='ltr'><strong>hercle</strong></span> <span class='ocrx_word' id='word_1_40' title='bbox 1359 1070 1434 1116; x_wconf 88' lang='lat' dir='ltr'><strong>ea</strong></span> <span class='ocrx_word' id='word_1_41' title='bbox 1479 1056 1603 1133; x_wconf 83' lang='lat' dir='ltr'><strong>est,</strong></span> <span class='ocrx_word' id='word_1_42' title='bbox 1665 1050 1720 1115; x_wconf 91' lang='lat' dir='ltr'><strong>si</strong></span> <span class='ocrx_word' id='word_1_43' title='bbox 1779 1071 1903 1136; x_wconf 88' lang='lat' dir='ltr'><strong>qua</strong></span> <span class='ocrx_word' id='word_1_44' title='bbox 1960 1052 2341 1118; x_wconf 83' lang='lat' dir='ltr'>carminibus</span> <span class='ocrx_word' id='word_1_45' title='bbox 2396 1052 2555 1118; x_wconf 89' lang='lat' dir='ltr'><strong>meis</strong></span> <span class='ocrx_word' id='word_1_46' title='bbox 2600 1050 2972 1121; x_wconf 88' lang='lat' dir='ltr'><strong>celebratur.</strong></span> 
     </span>
     <span class='ocr_line' id='line_1_7' title="bbox 520 1163 2976 1254; baseline 0.002 -23"><span class='ocrx_word' id='word_1_47' title='bbox 520 1185 724 1250; x_wconf 87' lang='lat' dir='ltr'><strong>neque</strong></span> <span class='ocrx_word' id='word_1_48' title='bbox 773 1167 941 1232; x_wconf 92' lang='lat' dir='ltr'><strong>enim</strong></span> <span class='ocrx_word' id='word_1_49' title='bbox 988 1172 1159 1233; x_wconf 86' lang='lat' dir='ltr'><strong>recte</strong></span> <span class='ocrx_word' id='word_1_50' title='bbox 1203 1163 1643 1233; x_wconf 88' lang='lat' dir='ltr'><strong>Lachmannus</strong></span> <span class='ocrx_word' id='word_1_51' title='bbox 1690 1165 1902 1233; x_wconf 89' lang='lat' dir='ltr'><strong>Puccii</strong></span> <span class='ocrx_word' id='word_1_52' title='bbox 1950 1190 2012 1233; x_wconf 75' lang='lat' dir='ltr'><strong>es</strong></span> <span class='ocrx_word' id='word_1_53' title='bbox 2060 1187 2175 1253; x_wconf 92' lang='lat' dir='ltr'><strong>pro</strong></span> <span class='ocrx_word' id='word_1_54' title='bbox 2223 1179 2312 1234; x_wconf 75' lang='lat' dir='ltr'><strong>est</strong></span> <span class='ocrx_word' id='word_1_55' title='bbox 2357 1169 2676 1254; x_wconf 86' lang='lat' dir='ltr'><strong>praetulit.</strong></span> <span class='ocrx_word' id='word_1_56' title='bbox 2769 1188 2976 1236; x_wconf 90' lang='lat' dir='ltr'><strong>nonne</strong></span> 
     </span>
    </p>
   </div>
   <div class='ocr_carea' id='block_1_6' title="bbox 426 1397 2974 1488">
    <p class='ocr_par' dir='ltr' id='par_1_6' title="bbox 426 1397 2974 1488">
     <span class='ocr_line' id='line_1_8' title="bbox 426 1397 2974 1488; baseline 0.001 -23"><span class='ocrx_word' id='word_1_57' title='bbox 426 1418 431 1423; x_wconf 82' lang='grc'><em>·</em></span> <span class='ocrx_word' id='word_1_58' title='bbox 520 1398 736 1465; x_wconf 88' lang='lat' dir='ltr'><strong>dubito</strong></span> <span class='ocrx_word' id='word_1_59' title='bbox 798 1397 948 1483; x_wconf 89' lang='lat' dir='ltr'><strong>quin</strong></span> <span class='ocrx_word' id='word_1_60' title='bbox 1005 1399 1221 1465; x_wconf 88' lang='lat' dir='ltr'><strong>eodem</strong></span> <span class='ocrx_word' id='word_1_61' title='bbox 1283 1404 1492 1465; x_wconf 89' lang='lat' dir='ltr'><strong>animo</strong></span> <span class='ocrx_word' id='word_1_62' title='bbox 1548 1406 1739 1486; x_wconf 73' lang='lat' dir='ltr'><strong>poeta</strong></span> <span class='ocrx_word' id='word_1_63' title='bbox 1796 1410 2079 1468; x_wconf 90' lang='lat' dir='ltr'><strong>nostrum</strong></span> <span class='ocrx_word' id='word_1_64' title='bbox 2151 1420 2406 1468; x_wconf 87' lang='lat' dir='ltr'><strong>carmen</strong></span> <span class='ocrx_word' id='word_1_65' title='bbox 2476 1402 2799 1488; x_wconf 81' lang='lat' dir='ltr'><strong>scripserit</strong></span> <span class='ocrx_word' id='word_1_66' title='bbox 2853 1421 2974 1486; x_wconf 90' lang='lat' dir='ltr'><strong>quo</strong></span> 
     </span>
    </p>
   </div>
   <div class='ocr_carea' id='block_1_7' title="bbox 519 1513 2975 2183">
    <p class='ocr_par' dir='ltr' id='par_1_7' title="bbox 520 1513 2975 1718">
     <span class='ocr_line' id='line_1_9' title="bbox 522 1513 2975 1603; baseline 0.001 -22"><span class='ocrx_word' id='word_1_67' title='bbox 522 1513 755 1598; x_wconf 79' lang='lat' dir='ltr'><strong>elegias</strong></span> <span class='ocrx_word' id='word_1_68' title='bbox 803 1516 890 1580; x_wconf 92' lang='grc'><strong>24</strong></span> <span class='ocrx_word' id='word_1_69' title='bbox 936 1520 999 1581; x_wconf 90' lang='lat' dir='ltr'><strong>et</strong></span> <span class='ocrx_word' id='word_1_70' title='bbox 1045 1515 1132 1581; x_wconf 83' lang='grc'><strong>25</strong></span> <span class='ocrx_word' id='word_1_71' title='bbox 1190 1516 1374 1583; x_wconf 91' lang='lat' dir='ltr'><strong>huius</strong></span> <span class='ocrx_word' id='word_1_72' title='bbox 1435 1517 1635 1603; x_wconf 90' lang='lat' dir='ltr'><strong>ipsius</strong></span> <span class='ocrx_word' id='word_1_73' title='bbox 1693 1517 1859 1584; x_wconf 89' lang='lat' dir='ltr'><strong>libri.</strong></span> <span class='ocrx_word' id='word_1_74' title='bbox 1977 1517 2088 1583; x_wconf 91' lang='lat' dir='ltr'><strong>sed</strong></span> <span class='ocrx_word' id='word_1_75' title='bbox 2149 1523 2365 1584; x_wconf 88' lang='lat' dir='ltr'><strong>tamen</strong></span> <span class='ocrx_word' id='word_1_76' title='bbox 2426 1518 2727 1585; x_wconf 89' lang='lat' dir='ltr'><strong>eodemne</strong></span> <span class='ocrx_word' id='word_1_77' title='bbox 2792 1523 2975 1603; x_wconf 84' lang='lat' dir='ltr'><strong>putas</strong></span> 
     </span>
     <span class='ocr_line' id='line_1_10' title="bbox 520 1628 2975 1718; baseline 0.001 -22"><span class='ocrx_word' id='word_1_78' title='bbox 520 1636 804 1717; x_wconf 91' lang='lat' dir='ltr'><strong>tempore</strong></span> <span class='ocrx_word' id='word_1_79' title='bbox 848 1630 1005 1697; x_wconf 91' lang='lat' dir='ltr'><strong>illud</strong></span> <span class='ocrx_word' id='word_1_80' title='bbox 1054 1628 1444 1718; x_wconf 85' lang='lat' dir='ltr'><strong>prooemium</strong></span> <span class='ocrx_word' id='word_1_81' title='bbox 1477 1633 1748 1700; x_wconf 89' lang='lat' dir='ltr'><strong>secundo</strong></span> <span class='ocrx_word' id='word_1_82' title='bbox 1782 1632 1940 1699; x_wconf 90' lang='lat' dir='ltr'><strong>libro</strong></span> <span class='ocrx_word' id='word_1_83' title='bbox 1972 1634 2089 1700; x_wconf 92' lang='lat' dir='ltr'><strong>hoc</strong></span> <span class='ocrx_word' id='word_1_84' title='bbox 2121 1634 2307 1701; x_wconf 91' lang='lat' dir='ltr'><strong>tertio</strong></span> <span class='ocrx_word' id='word_1_85' title='bbox 2341 1635 2768 1718; x_wconf 88' lang='lat' dir='ltr'><strong>praemissum</strong></span> <span class='ocrx_word' id='word_1_86' title='bbox 2797 1634 2975 1700; x_wconf 78' lang='lat' dir='ltr'><strong>esse?</strong></span> 
     </span>
    </p>

    <p class='ocr_par' dir='ltr' id='par_1_8' title="bbox 519 1748 2975 2183">
     <span class='ocr_line' id='line_1_11' title="bbox 704 1748 2974 1835; baseline 0 -22"><span class='ocrx_word' id='word_1_87' title='bbox 704 1767 894 1834; x_wconf 88' lang='lat' dir='ltr'><strong>porro</strong></span> <span class='ocrx_word' id='word_1_88' title='bbox 940 1769 1166 1832; x_wconf 84' lang='lat' dir='ltr'><strong>magna</strong></span> <span class='ocrx_word' id='word_1_89' title='bbox 1212 1769 1353 1817; x_wconf 90' lang='lat' dir='ltr'><strong>cum</strong></span> <span class='ocrx_word' id='word_1_90' title='bbox 1403 1748 1671 1816; x_wconf 89' lang='lat' dir='ltr'><strong>elatione</strong></span> <span class='ocrx_word' id='word_1_91' title='bbox 1703 1748 2069 1835; x_wconf 83' lang='lat' dir='ltr'><strong>Propertius</strong></span> <span class='ocrx_word' id='word_1_92' title='bbox 2103 1749 2208 1832; x_wconf 89' lang='lat'>111,</span> <span class='ocrx_word' id='word_1_93' title='bbox 2262 1753 2317 1815; x_wconf 86' lang='lat'><strong>1.</strong></span> <span class='ocrx_word' id='word_1_94' title='bbox 2370 1752 2409 1815; x_wconf 87' lang='grc'>2</span> <span class='ocrx_word' id='word_1_95' title='bbox 2459 1749 2535 1816; x_wconf 90' lang='lat' dir='ltr'><strong>de</strong></span> <span class='ocrx_word' id='word_1_96' title='bbox 2574 1755 2830 1816; x_wconf 88' lang='lat' dir='ltr'><strong>aeterua</strong></span> <span class='ocrx_word' id='word_1_97' title='bbox 2861 1769 2974 1815; x_wconf 87' lang='lat' dir='ltr'><strong>sua</strong></span> 
     </span>
     <span class='ocr_line' id='line_1_12' title="bbox 519 1862 2975 1951; baseline 0 -22"><span class='ocrx_word' id='word_1_98' title='bbox 519 1862 719 1947; x_wconf 87' lang='lat' dir='ltr'><strong>gloria</strong></span> <span class='ocrx_word' id='word_1_99' title='bbox 774 1864 1080 1950; x_wconf 82' lang='lat' dir='ltr'><strong>loquitur,</strong></span> <span class='ocrx_word' id='word_1_100' title='bbox 1130 1866 1294 1951; x_wconf 90' lang='lat' dir='ltr'><strong>quod</strong></span> <span class='ocrx_word' id='word_1_101' title='bbox 1352 1865 1601 1932; x_wconf 89' lang='lat' dir='ltr'><strong>dicendi</strong></span> <span class='ocrx_word' id='word_1_102' title='bbox 1654 1883 1850 1948; x_wconf 83' lang='lat' dir='ltr'><strong>genus</strong></span> <span class='ocrx_word' id='word_1_103' title='bbox 1906 1886 2106 1950; x_wconf 89' lang='lat' dir='ltr'><strong>neque</strong></span> <span class='ocrx_word' id='word_1_104' title='bbox 2162 1865 2424 1933; x_wconf 80' lang='lat' dir='ltr'><strong>decebat</strong></span> <span class='ocrx_word' id='word_1_105' title='bbox 2487 1883 2629 1932; x_wconf 86' lang='lat' dir='ltr'><strong>eum</strong></span> <span class='ocrx_word' id='word_1_106' title='bbox 2687 1866 2796 1950; x_wconf 89' lang='lat' dir='ltr'><strong>qui</strong></span> <span class='ocrx_word' id='word_1_107' title='bbox 2852 1884 2975 1930; x_wconf 91' lang='lat' dir='ltr'><strong>non</strong></span> 
     </span>
     <span class='ocr_line' id='line_1_13' title="bbox 520 1979 2975 2067; baseline 0 -22"><span class='ocrx_word' id='word_1_108' title='bbox 520 1979 644 2046; x_wconf 89' lang='lat' dir='ltr'><strong>nisi</strong></span> <span class='ocrx_word' id='word_1_109' title='bbox 690 1981 952 2048; x_wconf 91' lang='lat' dir='ltr'><strong>iuuenili</strong></span> <span class='ocrx_word' id='word_1_110' title='bbox 996 1981 1105 2048; x_wconf 91' lang='lat' dir='ltr'><strong>illo</strong></span> <span class='ocrx_word' id='word_1_111' title='bbox 1151 1982 1360 2050; x_wconf 94' lang='lat' dir='ltr'><strong>libello</strong></span> <span class='ocrx_word' id='word_1_112' title='bbox 1408 1988 1595 2049; x_wconf 91' lang='lat' dir='ltr'><strong>notus</strong></span> <span class='ocrx_word' id='word_1_113' title='bbox 1629 1991 1766 2048; x_wconf 89' lang='lat' dir='ltr'><strong>erat</strong></span> <span class='ocrx_word' id='word_1_114' title='bbox 1794 2001 1998 2067; x_wconf 89' lang='lat' dir='ltr'><strong>neque</strong></span> <span class='ocrx_word' id='word_1_115' title='bbox 2027 1983 2350 2048; x_wconf 91' lang='lat' dir='ltr'><strong>inuenitur</strong></span> <span class='ocrx_word' id='word_1_116' title='bbox 2382 1982 2446 2048; x_wconf 92' lang='lat' dir='ltr'><strong>in</strong></span> <span class='ocrx_word' id='word_1_117' title='bbox 2480 1982 2753 2048; x_wconf 88' lang='lat' dir='ltr'><strong>secundo</strong></span> <span class='ocrx_word' id='word_1_118' title='bbox 2793 1980 2975 2047; x_wconf 89' lang='lat' dir='ltr'><strong>libro.</strong></span> 
     </span>
     <span class='ocr_line' id='line_1_14' title="bbox 522 2097 1555 2183; baseline 0.001 -21"><span class='ocrx_word' id='word_1_119' title='bbox 522 2116 669 2162; x_wconf 89' lang='lat' dir='ltr'><strong>nam</strong></span> <span class='ocrx_word' id='word_1_120' title='bbox 722 2097 1006 2163; x_wconf 85' lang='lat' dir='ltr'><strong>uersibus</strong></span> <span class='ocrx_word' id='word_1_121' title='bbox 1054 2097 1133 2183; x_wconf 88' lang='grc' dir='ltr'><strong>ΙΙ,</strong></span> <span class='ocrx_word' id='word_1_122' title='bbox 1180 2100 1242 2182; x_wconf 84' lang='lat'><strong>7,</strong></span> <span class='ocrx_word' id='word_1_123' title='bbox 1298 2102 1397 2166; x_wconf 86' lang='lat'><strong>17.</strong></span> <span class='ocrx_word' id='word_1_124' title='bbox 1455 2099 1555 2165; x_wconf 88' lang='grc'><strong>18.</strong></span> 
     </span>
    </p>
   </div>
   <div class='ocr_carea' id='block_1_8' title="bbox 995 2227 2554 2397">
    <p class='ocr_par' dir='ltr' id='par_1_9' title="bbox 995 2227 2554 2397">
     <span class='ocr_line' id='line_1_15' title="bbox 995 2227 2554 2298; baseline 0.001 -16"><span class='ocrx_word' id='word_1_125' title='bbox 995 2227 1121 2284; x_wconf 88' lang='lat' dir='ltr'><strong>hinc</strong></span> <span class='ocrx_word' id='word_1_126' title='bbox 1156 2229 1358 2283; x_wconf 90' lang='lat' dir='ltr'><strong>etenim</strong></span> <span class='ocrx_word' id='word_1_127' title='bbox 1395 2231 1613 2283; x_wconf 89' lang='lat' dir='ltr'><strong>tantum</strong></span> <span class='ocrx_word' id='word_1_128' title='bbox 1651 2228 1852 2283; x_wconf 88' lang='lat' dir='ltr'><strong>meruit</strong></span> <span class='ocrx_word' id='word_1_129' title='bbox 1887 2243 2011 2282; x_wconf 90' lang='lat' dir='ltr'><strong>mea</strong></span> <span class='ocrx_word' id='word_1_130' title='bbox 2046 2229 2222 2297; x_wconf 87' lang='lat' dir='ltr'><strong>gloria</strong></span> <span class='ocrx_word' id='word_1_131' title='bbox 2260 2243 2474 2298; x_wconf 89' lang='lat' dir='ltr'><strong>nomen,</strong></span> <span class='ocrx_word' id='word_1_132' title='bbox 2529 2239 2554 2259; x_wconf 81' lang='lat'><strong>·</strong></span> 
     </span>
     <span class='ocr_line' id='line_1_16' title="bbox 1090 2324 2308 2397; baseline 0.001 -17"><span class='ocrx_word' id='word_1_133' title='bbox 1090 2327 1264 2396; x_wconf 83' lang='lat' dir='ltr'><strong>gloria</strong></span> <span class='ocrx_word' id='word_1_134' title='bbox 1302 2326 1371 2381; x_wconf 83' lang='lat' dir='ltr'><strong>ad</strong></span> <span class='ocrx_word' id='word_1_135' title='bbox 1409 2325 1667 2381; x_wconf 86' lang='lat' dir='ltr'><strong>hibernos</strong></span> <span class='ocrx_word' id='word_1_136' title='bbox 1703 2327 1818 2381; x_wconf 86' lang='lat' dir='ltr'><strong>lata</strong></span> <span class='ocrx_word' id='word_1_137' title='bbox 1857 2324 2308 2397; x_wconf 82' lang='lat' dir='ltr'><strong>Borysthenidas.</strong></span> 
     </span>
    </p>
   </div>
   <div class='ocr_carea' id='block_1_9' title="bbox 526 2445 2984 3563">
    <p class='ocr_par' dir='ltr' id='par_1_10' title="bbox 526 2445 2984 3330">
     <span class='ocr_line' id='line_1_17' title="bbox 526 2445 2979 2532; baseline 0.001 -22"><span class='ocrx_word' id='word_1_138' title='bbox 526 2464 651 2510; x_wconf 91' lang='lat' dir='ltr'><strong>non</strong></span> <span class='ocrx_word' id='word_1_139' title='bbox 700 2450 826 2512; x_wconf 87' lang='lat' dir='ltr'><strong>tam</strong></span> <span class='ocrx_word' id='word_1_140' title='bbox 877 2447 1225 2513; x_wconf 82' lang='lat' dir='ltr'><strong>carminum</strong></span> <span class='ocrx_word' id='word_1_141' title='bbox 1261 2466 1448 2532; x_wconf 89' lang='lat' dir='ltr'><strong>quam</strong></span> <span class='ocrx_word' id='word_1_142' title='bbox 1483 2447 1716 2512; x_wconf 90' lang='lat' dir='ltr'><strong>amoris</strong></span> <span class='ocrx_word' id='word_1_143' title='bbox 1749 2447 1845 2511; x_wconf 89' lang='lat' dir='ltr'><strong>sui</strong></span> <span class='ocrx_word' id='word_1_144' title='bbox 1879 2445 2143 2528; x_wconf 87' lang='lat' dir='ltr'><strong>gloriam</strong></span> <span class='ocrx_word' id='word_1_145' title='bbox 2178 2445 2520 2531; x_wconf 90' lang='lat' dir='ltr'><strong>praedicat.</strong></span> <span class='ocrx_word' id='word_1_146' title='bbox 2600 2445 2710 2512; x_wconf 91' lang='lat' dir='ltr'><strong>sed</strong></span> <span class='ocrx_word' id='word_1_147' title='bbox 2742 2447 2979 2532; x_wconf 90' lang='lat' dir='ltr'><strong>optime</strong></span> 
     </span>
     <span class='ocr_line' id='line_1_18' title="bbox 527 2561 2983 2651; baseline 0.002 -25"><span class='ocrx_word' id='word_1_148' title='bbox 527 2561 643 2628; x_wconf 90' lang='lat' dir='ltr'><strong>hoc</strong></span> <span class='ocrx_word' id='word_1_149' title='bbox 689 2563 874 2629; x_wconf 91' lang='lat' dir='ltr'><strong>modo</strong></span> <span class='ocrx_word' id='word_1_150' title='bbox 921 2562 1092 2649; x_wconf 90' lang='lat' dir='ltr'><strong>loqui</strong></span> <span class='ocrx_word' id='word_1_151' title='bbox 1141 2565 1365 2649; x_wconf 87' lang='lat' dir='ltr'><strong>potuit,</strong></span> <span class='ocrx_word' id='word_1_152' title='bbox 1435 2569 1769 2651; x_wconf 84' lang='lat' dir='ltr'><strong>postquam</strong></span> <span class='ocrx_word' id='word_1_153' title='bbox 1819 2562 2089 2630; x_wconf 91' lang='lat' dir='ltr'><strong>secundo</strong></span> <span class='ocrx_word' id='word_1_154' title='bbox 2146 2562 2305 2630; x_wconf 93' lang='lat' dir='ltr'><strong>libro</strong></span> <span class='ocrx_word' id='word_1_155' title='bbox 2354 2561 2521 2629; x_wconf 91' lang='lat' dir='ltr'><strong>edito</strong></span> <span class='ocrx_word' id='word_1_156' title='bbox 2569 2582 2793 2630; x_wconf 87' lang='lat' dir='ltr'><strong>reuera</strong></span> <span class='ocrx_word' id='word_1_157' title='bbox 2838 2569 2983 2651; x_wconf 87' lang='lat' dir='ltr'><strong>post</strong></span> 
     </span>
     <span class='ocr_line' id='line_1_19' title="bbox 532 2678 2978 2766; baseline 0 -21"><span class='ocrx_word' id='word_1_158' title='bbox 532 2678 882 2746; x_wconf 88' lang='lat' dir='ltr'><strong>Varronem</strong></span> <span class='ocrx_word' id='word_1_159' title='bbox 941 2680 1254 2747; x_wconf 90' lang='lat' dir='ltr'><strong>Catullum</strong></span> <span class='ocrx_word' id='word_1_160' title='bbox 1327 2678 1589 2747; x_wconf 88' lang='lat' dir='ltr'><strong>Caluum</strong></span> <span class='ocrx_word' id='word_1_161' title='bbox 1662 2678 1916 2747; x_wconf 88' lang='lat' dir='ltr'><strong>Gallum</strong></span> <span class='ocrx_word' id='word_1_162' title='bbox 1985 2681 2154 2746; x_wconf 87' lang='lat' dir='ltr'><strong>fama</strong></span> <span class='ocrx_word' id='word_1_163' title='bbox 2224 2680 2508 2764; x_wconf 88' lang='lat' dir='ltr'><strong>quintum</strong></span> <span class='ocrx_word' id='word_1_164' title='bbox 2581 2678 2978 2766; x_wconf 85' lang='lat' dir='ltr'><strong>Propertium</strong></span> 
     </span>
     <span class='ocr_line' id='line_1_20' title="bbox 529 2793 2979 2883; baseline 0.001 -23"><span class='ocrx_word' id='word_1_165' title='bbox 529 2796 758 2881; x_wconf 90' lang='lat' dir='ltr'><strong>posuit.</strong></span> <span class='ocrx_word' id='word_1_166' title='bbox 851 2797 959 2862; x_wconf 89' lang='lat' dir='ltr'><strong>ubi</strong></span> <span class='ocrx_word' id='word_1_167' title='bbox 1006 2818 1154 2863; x_wconf 93' lang='lat' dir='ltr'><strong>uero</strong></span> <span class='ocrx_word' id='word_1_168' title='bbox 1203 2803 1391 2883; x_wconf 72' lang='lat' dir='ltr'><strong>poeta</strong></span> <span class='ocrx_word' id='word_1_169' title='bbox 1436 2796 1717 2862; x_wconf 90' lang='lat' dir='ltr'><strong>inuidam</strong></span> <span class='ocrx_word' id='word_1_170' title='bbox 1752 2797 2239 2863; x_wconf 87' lang='lat' dir='ltr'><strong>detrectatorum</strong></span> <span class='ocrx_word' id='word_1_171' title='bbox 2274 2795 2524 2861; x_wconf 89' lang='lat' dir='ltr'><strong>turbam</strong></span> <span class='ocrx_word' id='word_1_172' title='bbox 2573 2793 2706 2881; x_wconf 90' lang='grc' dir='ltr'>(ΙΙΙ,</span> <span class='ocrx_word' id='word_1_173' title='bbox 2760 2800 2818 2879; x_wconf 86' lang='grc'><strong>1,</strong></span> <span class='ocrx_word' id='word_1_174' title='bbox 2869 2797 2979 2878; x_wconf 90' lang='grc'><strong>21)</strong></span> 
     </span>
     <span class='ocr_line' id='line_1_21' title="bbox 529 2908 2981 2998; baseline 0 -21"><span class='ocrx_word' id='word_1_175' title='bbox 529 2919 593 2978; x_wconf 92' lang='lat' dir='ltr'><strong>et</strong></span> <span class='ocrx_word' id='word_1_176' title='bbox 648 2912 987 2998; x_wconf 90' lang='lat' dir='ltr'><strong>scriptores</strong></span> <span class='ocrx_word' id='word_1_177' title='bbox 1032 2914 1266 2980; x_wconf 88' lang='lat' dir='ltr'><strong>frustra</strong></span> <span class='ocrx_word' id='word_1_178' title='bbox 1313 2934 1380 2980; x_wconf 91' lang='lat' dir='ltr'><strong>se</strong></span> <span class='ocrx_word' id='word_1_179' title='bbox 1428 2912 1818 2979; x_wconf 83' lang='lat' dir='ltr'><strong>aemulantes</strong></span> <span class='ocrx_word' id='word_1_180' title='bbox 1868 2910 2003 2995; x_wconf 84' lang='grc' dir='ltr'>(ΙΙΙ,</span> <span class='ocrx_word' id='word_1_181' title='bbox 2058 2914 2115 2995; x_wconf 83' lang='grc'><strong>1,</strong></span> <span class='ocrx_word' id='word_1_182' title='bbox 2172 2908 2278 2997; x_wconf 86' lang='grc'><strong>12)</strong></span> <span class='ocrx_word' id='word_1_183' title='bbox 2310 2915 2822 2979; x_wconf 87' lang='lat' dir='ltr'><strong>commemorauit</strong></span> <span class='ocrx_word' id='word_1_184' title='bbox 2859 2913 2981 2979; x_wconf 91' lang='lat' dir='ltr'><strong>nisi</strong></span> 
     </span>
     <span class='ocr_line' id='line_1_22' title="bbox 527 3028 2982 3115; baseline 0 -22"><span class='ocrx_word' id='word_1_185' title='bbox 527 3028 593 3094; x_wconf 91' lang='lat' dir='ltr'><strong>in</strong></span> <span class='ocrx_word' id='word_1_186' title='bbox 643 3030 829 3095; x_wconf 90' lang='lat' dir='ltr'><strong>tertio</strong></span> <span class='ocrx_word' id='word_1_187' title='bbox 874 3029 1079 3097; x_wconf 77' lang='lat' dir='ltr'><strong>libro?</strong></span> <span class='ocrx_word' id='word_1_188' title='bbox 1149 3030 1315 3115; x_wconf 90' lang='lat' dir='ltr'><strong>quod</strong></span> <span class='ocrx_word' id='word_1_189' title='bbox 1362 3049 1474 3113; x_wconf 87' lang='lat' dir='ltr'><strong>ego</strong></span> <span class='ocrx_word' id='word_1_190' title='bbox 1522 3049 1648 3095; x_wconf 91' lang='lat' dir='ltr'><strong>non</strong></span> <span class='ocrx_word' id='word_1_191' title='bbox 1698 3030 1909 3096; x_wconf 86' lang='lat' dir='ltr'><strong>miror.</strong></span> <span class='ocrx_word' id='word_1_192' title='bbox 1982 3048 2127 3094; x_wconf 90' lang='lat' dir='ltr'><strong>nam</strong></span> <span class='ocrx_word' id='word_1_193' title='bbox 2175 3032 2319 3094; x_wconf 84' lang='lat' dir='ltr'><strong>ante</strong></span> <span class='ocrx_word' id='word_1_194' title='bbox 2368 3028 2625 3095; x_wconf 89' lang='lat' dir='ltr'><strong>secundi</strong></span> <span class='ocrx_word' id='word_1_195' title='bbox 2671 3028 2817 3094; x_wconf 90' lang='lat' dir='ltr'><strong>libri</strong></span> <span class='ocrx_word' id='word_1_196' title='bbox 2851 3028 2982 3094; x_wconf 89' lang='lat' dir='ltr'><strong>edi-</strong></span> 
     </span>
     <span class='ocr_line' id='line_1_23' title="bbox 529 3145 2984 3231; baseline -0 -19"><span class='ocrx_word' id='word_1_197' title='bbox 529 3149 762 3213; x_wconf 90' lang='lat' dir='ltr'><strong>tionem</strong></span> <span class='ocrx_word' id='word_1_198' title='bbox 810 3146 907 3212; x_wconf 89' lang='lat' dir='ltr'><strong>illi</strong></span> <span class='ocrx_word' id='word_1_199' title='bbox 953 3168 1076 3214; x_wconf 91' lang='lat' dir='ltr'><strong>non</strong></span> <span class='ocrx_word' id='word_1_200' title='bbox 1125 3149 1517 3214; x_wconf 86' lang='lat' dir='ltr'><strong>exstiterant.</strong></span> <span class='ocrx_word' id='word_1_201' title='bbox 1596 3147 1737 3231; x_wconf 89' lang='lat' dir='ltr'><strong>quis</strong></span> <span class='ocrx_word' id='word_1_202' title='bbox 1786 3147 1951 3212; x_wconf 90' lang='lat' dir='ltr'><strong>enim</strong></span> <span class='ocrx_word' id='word_1_203' title='bbox 2001 3145 2465 3212; x_wconf 91' lang='lat' dir='ltr'><strong>adulescentulo</strong></span> <span class='ocrx_word' id='word_1_204' title='bbox 2499 3147 2786 3229; x_wconf 89' lang='lat' dir='ltr'><strong>quamuis</strong></span> <span class='ocrx_word' id='word_1_205' title='bbox 2821 3145 2984 3211; x_wconf 86' lang='lat' dir='ltr'><strong>mira</strong></span> 
     </span>
     <span class='ocr_line' id='line_1_24' title="bbox 532 3262 1397 3330; baseline 0 -3"><span class='ocrx_word' id='word_1_206' title='bbox 532 3262 741 3330; x_wconf 90' lang='lat' dir='ltr'><strong>indole</strong></span> <span class='ocrx_word' id='word_1_207' title='bbox 789 3271 1011 3330; x_wconf 88' lang='lat' dir='ltr'><strong>ornato</strong></span> <span class='ocrx_word' id='word_1_208' title='bbox 1057 3262 1397 3330; x_wconf 81' lang='lat' dir='ltr'><strong>inuiderit?</strong></span> 
     </span>
    </p>

    <p class='ocr_par' dir='ltr' id='par_1_11' title="bbox 532 3375 2983 3563">
     <span class='ocr_line' id='line_1_25' title="bbox 709 3375 2983 3462; baseline -0.002 -17"><span class='ocrx_word' id='word_1_209' title='bbox 709 3380 934 3447; x_wconf 88' lang='lat' dir='ltr'><strong>deinde</strong></span> <span class='ocrx_word' id='word_1_210' title='bbox 981 3382 1044 3446; x_wconf 93' lang='lat' dir='ltr'><strong>in</strong></span> <span class='ocrx_word' id='word_1_211' title='bbox 1091 3378 1308 3446; x_wconf 89' lang='lat' dir='ltr'><strong>multis</strong></span> <span class='ocrx_word' id='word_1_212' title='bbox 1355 3377 1614 3445; x_wconf 89' lang='lat' dir='ltr'><strong>secundi</strong></span> <span class='ocrx_word' id='word_1_213' title='bbox 1666 3376 1815 3443; x_wconf 89' lang='lat' dir='ltr'><strong>libri</strong></span> <span class='ocrx_word' id='word_1_214' title='bbox 1870 3377 2252 3444; x_wconf 87' lang='lat' dir='ltr'><strong>carminibus</strong></span> <span class='ocrx_word' id='word_1_215' title='bbox 2313 3375 2552 3462; x_wconf 86' lang='lat' dir='ltr'><strong>primus</strong></span> <span class='ocrx_word' id='word_1_216' title='bbox 2608 3376 2769 3443; x_wconf 90' lang='lat' dir='ltr'><strong>liber</strong></span> <span class='ocrx_word' id='word_1_217' title='bbox 2814 3395 2983 3443; x_wconf 89' lang='lat' dir='ltr'><strong>com-</strong></span> 
     </span>
     <span class='ocr_line' id='line_1_26' title="bbox 532 3473 2784 3563; baseline -0.003 -1"><span class='ocrx_word' id='word_1_218' title='bbox 532 3504 920 3563; x_wconf 86' lang='lat' dir='ltr'><strong>memoratur</strong></span> <span class='ocrx_word' id='word_1_219' title='bbox 965 3495 1166 3562; x_wconf 74' lang='lat' dir='ltr'><strong>uelutz</strong></span> <span class='ocrx_word' id='word_1_220' title='bbox 2773 3473 2784 3482; x_wconf 57' lang='grc'>’</span> 
     </span>
    </p>
   </div>
   <div class='ocr_carea' id='block_1_10' title="bbox 601 3624 2272 3796">
    <p class='ocr_par' dir='ltr' id='par_1_12' title="bbox 601 3624 2272 3796">
     <span class='ocr_line' id='line_1_27' title="bbox 601 3624 2272 3700; baseline -0.003 -16"><span class='ocrx_word' id='word_1_221' title='bbox 601 3630 654 3700; x_wconf 88' lang='lat'><strong>3,</strong></span> <span class='ocrx_word' id='word_1_222' title='bbox 691 3630 751 3684; x_wconf 84' lang='lat'><strong>3:</strong></span> <span class='ocrx_word' id='word_1_223' title='bbox 860 3629 954 3684; x_wconf 84' lang='lat' dir='ltr'><strong>uix</strong></span> <span class='ocrx_word' id='word_1_224' title='bbox 989 3644 1158 3684; x_wconf 91' lang='lat' dir='ltr'><strong>unum</strong></span> <span class='ocrx_word' id='word_1_225' title='bbox 1196 3632 1372 3697; x_wconf 83' lang='lat' dir='ltr'><strong>potes,</strong></span> <span class='ocrx_word' id='word_1_226' title='bbox 1409 3624 1614 3696; x_wconf 86' lang='lat' dir='ltr'><strong>infelix,</strong></span> <span class='ocrx_word' id='word_1_227' title='bbox 1652 3625 1993 3695; x_wconf 86' lang='lat' dir='ltr'><strong>requiescere</strong></span> <span class='ocrx_word' id='word_1_228' title='bbox 2029 3639 2272 3680; x_wconf 84' lang='lat' dir='ltr'><strong>mensem</strong></span> 
     </span>
     <span class='ocr_line' id='line_1_28' title="bbox 960 3723 2084 3796; baseline -0.004 -15"><span class='ocrx_word' id='word_1_229' title='bbox 960 3732 1017 3781; x_wconf 89' lang='lat' dir='ltr'><strong>et</strong></span> <span class='ocrx_word' id='word_1_230' title='bbox 1051 3726 1228 3796; x_wconf 87' lang='lat' dir='ltr'><strong>turpis</strong></span> <span class='ocrx_word' id='word_1_231' title='bbox 1267 3725 1338 3781; x_wconf 93' lang='lat' dir='ltr'><strong>de</strong></span> <span class='ocrx_word' id='word_1_232' title='bbox 1374 3729 1430 3780; x_wconf 92' lang='lat' dir='ltr'><strong>te</strong></span> <span class='ocrx_word' id='word_1_233' title='bbox 1468 3726 1577 3780; x_wconf 89' lang='lat' dir='ltr'><strong>iam</strong></span> <span class='ocrx_word' id='word_1_234' title='bbox 1615 3723 1753 3779; x_wconf 87' lang='lat' dir='ltr'><strong>liber</strong></span> <span class='ocrx_word' id='word_1_235' title='bbox 1789 3725 1927 3778; x_wconf 87' lang='lat' dir='ltr'><strong>alter</strong></span> <span class='ocrx_word' id='word_1_236' title='bbox 1963 3723 2084 3778; x_wconf 87' lang='lat' dir='ltr'><strong>erit.</strong></span> 
     </span>
    </p>
   </div>
   <div class='ocr_carea' id='block_1_11' title="bbox 603 3830 2320 4000">
    <p class='ocr_par' dir='ltr' id='par_1_13' title="bbox 603 3830 2320 4000">
     <span class='ocr_line' id='line_1_29' title="bbox 603 3830 2240 3905; baseline -0.004 -14"><span class='ocrx_word' id='word_1_237' title='bbox 603 3835 690 3905; x_wconf 84' lang='lat'><strong>20,</strong></span> <span class='ocrx_word' id='word_1_238' title='bbox 735 3834 829 3888; x_wconf 84' lang='lat'><strong>21:</strong></span> <span class='ocrx_word' id='word_1_239' title='bbox 867 3833 1101 3904; x_wconf 84' lang='lat' dir='ltr'><strong>septima</strong></span> <span class='ocrx_word' id='word_1_240' title='bbox 1137 3833 1245 3887; x_wconf 87' lang='lat' dir='ltr'><strong>iam</strong></span> <span class='ocrx_word' id='word_1_241' title='bbox 1284 3833 1478 3901; x_wconf 87' lang='lat' dir='ltr'><strong>plenae</strong></span> <span class='ocrx_word' id='word_1_242' title='bbox 1516 3830 1808 3886; x_wconf 87' lang='lat' dir='ltr'><strong>deducitur</strong></span> <span class='ocrx_word' id='word_1_243' title='bbox 1843 3830 2023 3886; x_wconf 85' lang='lat' dir='ltr'><strong>orbita</strong></span> <span class='ocrx_word' id='word_1_244' title='bbox 2058 3830 2240 3899; x_wconf 87' lang='lat' dir='ltr'><strong>lunae,</strong></span> 
     </span>
     <span class='ocr_line' id='line_1_30' title="bbox 959 3928 2320 4000; baseline -0.002 -14"><span class='ocrx_word' id='word_1_245' title='bbox 959 3946 1083 3986; x_wconf 91' lang='lat' dir='ltr'><strong>cum</strong></span> <span class='ocrx_word' id='word_1_246' title='bbox 1123 3930 1191 3986; x_wconf 90' lang='lat' dir='ltr'><strong>de</strong></span> <span class='ocrx_word' id='word_1_247' title='bbox 1232 3944 1319 3985; x_wconf 90' lang='lat' dir='ltr'><strong>me</strong></span> <span class='ocrx_word' id='word_1_248' title='bbox 1356 3934 1415 3986; x_wconf 88' lang='lat' dir='ltr'><strong>et</strong></span> <span class='ocrx_word' id='word_1_249' title='bbox 1450 3929 1520 3985; x_wconf 90' lang='lat' dir='ltr'><strong>de</strong></span> <span class='ocrx_word' id='word_1_250' title='bbox 1556 3934 1613 3985; x_wconf 89' lang='lat' dir='ltr'><strong>te</strong></span> <span class='ocrx_word' id='word_1_251' title='bbox 1650 3929 1892 4000; x_wconf 84' lang='lat' dir='ltr'><strong>compita</strong></span> <span class='ocrx_word' id='word_1_252' title='bbox 1927 3928 2077 3985; x_wconf 90' lang='lat' dir='ltr'><strong>nulla</strong></span> <span class='ocrx_word' id='word_1_253' title='bbox 2114 3932 2320 3983; x_wconf 87' lang='lat' dir='ltr'><strong>tacent.</strong></span> 
     </span>
    </p>
   </div>
   <div class='ocr_carea' id='block_1_12' title="bbox 605 4033 2182 4208">
    <p class='ocr_par' dir='ltr' id='par_1_14' title="bbox 605 4033 2182 4208">
     <span class='ocr_line' id='line_1_31' title="bbox 605 4033 2182 4111; baseline -0.003 -17"><span class='ocrx_word' id='word_1_254' title='bbox 605 4039 692 4111; x_wconf 79' lang='lat'><strong>24,</strong></span> <span class='ocrx_word' id='word_1_255' title='bbox 732 4041 779 4096; x_wconf 90' lang='lat'><strong>1.</strong></span> <span class='ocrx_word' id='word_1_256' title='bbox 851 4043 914 4095; x_wconf 89' lang='lat' dir='ltr'><strong>tu</strong></span> <span class='ocrx_word' id='word_1_257' title='bbox 950 4039 1190 4109; x_wconf 81' lang='lat' dir='ltr'><strong>loqueris</strong></span> <span class='ocrx_word' id='word_1_258' title='bbox 1227 4053 1350 4093; x_wconf 92' lang='lat' dir='ltr'><strong>cum</strong></span> <span class='ocrx_word' id='word_1_259' title='bbox 1389 4039 1466 4093; x_wconf 85' lang='lat' dir='ltr'><strong>sis</strong></span> <span class='ocrx_word' id='word_1_260' title='bbox 1504 4037 1610 4092; x_wconf 86' lang='lat' dir='ltr'><strong>iam</strong></span> <span class='ocrx_word' id='word_1_261' title='bbox 1650 4041 1781 4093; x_wconf 90' lang='lat' dir='ltr'><strong>noto</strong></span> <span class='ocrx_word' id='word_1_262' title='bbox 1818 4034 2007 4091; x_wconf 79' lang='lat' dir='ltr'><strong>fabula</strong></span> <span class='ocrx_word' id='word_1_263' title='bbox 2043 4033 2182 4091; x_wconf 89' lang='lat' dir='ltr'><strong>libro</strong></span> 
     </span>
     <span class='ocr_line' id='line_1_32' title="bbox 961 4133 2045 4208; baseline -0.003 -15"><span class='ocrx_word' id='word_1_264' title='bbox 961 4142 1018 4193; x_wconf 89' lang='lat' dir='ltr'><strong>et</strong></span> <span class='ocrx_word' id='word_1_265' title='bbox 1052 4141 1152 4193; x_wconf 85' lang='lat' dir='ltr'><strong>tua</strong></span> <span class='ocrx_word' id='word_1_266' title='bbox 1188 4137 1260 4193; x_wconf 84' lang='lat' dir='ltr'><strong>sit</strong></span> <span class='ocrx_word' id='word_1_267' title='bbox 1296 4140 1415 4192; x_wconf 87' lang='lat' dir='ltr'><strong>toto</strong></span> <span class='ocrx_word' id='word_1_268' title='bbox 1453 4134 1693 4208; x_wconf 85' lang='lat' dir='ltr'><strong>Cynthia</strong></span> <span class='ocrx_word' id='word_1_269' title='bbox 1729 4135 1872 4190; x_wconf 86' lang='lat' dir='ltr'><strong>lecta</strong></span> <span class='ocrx_word' id='word_1_270' title='bbox 1907 4133 2045 4191; x_wconf 84' lang='lat' dir='ltr'><strong>foro.</strong></span> 
     </span>
    </p>
   </div>
   <div class='ocr_carea' id='block_1_13' title="bbox 538 4246 2989 4454">
    <p class='ocr_par' dir='ltr' id='par_1_15' title="bbox 538 4246 2989 4454">
     <span class='ocr_line' id='line_1_33' title="bbox 711 4246 2988 4340; baseline -0.004 -17"><span class='ocrx_word' id='word_1_271' title='bbox 711 4277 864 4324; x_wconf 89' lang='lat' dir='ltr'><strong>num</strong></span> <span class='ocrx_word' id='word_1_272' title='bbox 922 4276 1096 4324; x_wconf 89' lang='lat' dir='ltr'><strong>mero</strong></span> <span class='ocrx_word' id='word_1_273' title='bbox 1155 4276 1304 4323; x_wconf 87' lang='lat' dir='ltr'><strong>casu</strong></span> <span class='ocrx_word' id='word_1_274' title='bbox 1364 4257 1596 4323; x_wconf 89' lang='lat' dir='ltr'><strong>factum</strong></span> <span class='ocrx_word' id='word_1_275' title='bbox 1658 4274 1797 4322; x_wconf 91' lang='lat' dir='ltr'><strong>esse</strong></span> <span class='ocrx_word' id='word_1_276' title='bbox 1867 4251 2231 4340; x_wconf 90' lang='lat' dir='ltr'><strong>putabimus</strong></span> <span class='ocrx_word' id='word_1_277' title='bbox 2289 4256 2360 4317; x_wconf 93' lang='lat' dir='ltr'><strong>ut</strong></span> <span class='ocrx_word' id='word_1_278' title='bbox 2419 4249 2531 4316; x_wconf 89' lang='lat' dir='ltr'><strong>illa</strong></span> <span class='ocrx_word' id='word_1_279' title='bbox 2586 4246 2867 4316; x_wconf 89' lang='lat' dir='ltr'><strong>carmina</strong></span> <span class='ocrx_word' id='word_1_280' title='bbox 2923 4247 2988 4313; x_wconf 91' lang='lat' dir='ltr'><strong>in</strong></span> 
     </span>
     <span class='ocr_line' id='line_1_34' title="bbox 538 4364 2989 4454; baseline -0.005 -10"><span class='ocrx_word' id='word_1_281' title='bbox 538 4373 809 4443; x_wconf 88' lang='lat' dir='ltr'><strong>secundo</strong></span> <span class='ocrx_word' id='word_1_282' title='bbox 866 4373 1028 4441; x_wconf 89' lang='lat' dir='ltr'><strong>libro</strong></span> <span class='ocrx_word' id='word_1_283' title='bbox 1089 4374 1421 4440; x_wconf 86' lang='lat' dir='ltr'><strong>tradantur</strong></span> <span class='ocrx_word' id='word_1_284' title='bbox 1476 4392 1601 4440; x_wconf 93' lang='lat' dir='ltr'><strong>non</strong></span> <span class='ocrx_word' id='word_1_285' title='bbox 1648 4373 1717 4438; x_wconf 90' lang='lat' dir='ltr'><strong>in</strong></span> <span class='ocrx_word' id='word_1_286' title='bbox 1788 4370 2020 4438; x_wconf 79' lang='lat' dir='ltr'><strong>tertio?</strong></span> <span class='ocrx_word' id='word_1_287' title='bbox 2081 4370 2275 4436; x_wconf 91' lang='lat' dir='ltr'><strong>immo</strong></span> <span class='ocrx_word' id='word_1_288' title='bbox 2331 4373 2475 4454; x_wconf 89' lang='lat' dir='ltr'><strong>post</strong></span> <span class='ocrx_word' id='word_1_289' title='bbox 2530 4364 2787 4433; x_wconf 90' lang='lat' dir='ltr'><strong>secundi</strong></span> <span class='ocrx_word' id='word_1_290' title='bbox 2843 4365 2989 4431; x_wconf 86' lang='lat' dir='ltr'><strong>libri</strong></span> 
     </span>
    </p>
   </div>
   <div class='ocr_carea' id='block_1_14' title="bbox 538 4485 2990 4694">
    <p class='ocr_par' dir='ltr' id='par_1_16' title="bbox 538 4485 2990 4694">
     <span class='ocr_line' id='line_1_35' title="bbox 538 4485 2342 4578; baseline -0.006 -17"><span class='ocrx_word' id='word_1_291' title='bbox 538 4491 875 4561; x_wconf 88' lang='lat' dir='ltr'><strong>editionem</strong></span> <span class='ocrx_word' id='word_1_292' title='bbox 924 4496 1112 4578; x_wconf 74' lang='lat' dir='ltr'><strong>poeta</strong></span> <span class='ocrx_word' id='word_1_293' title='bbox 1155 4492 1281 4558; x_wconf 89' lang='lat' dir='ltr'><strong>iam</strong></span> <span class='ocrx_word' id='word_1_294' title='bbox 1330 4511 1454 4558; x_wconf 91' lang='lat' dir='ltr'><strong>non</strong></span> <span class='ocrx_word' id='word_1_295' title='bbox 1500 4489 1707 4577; x_wconf 89' lang='lat' dir='ltr'><strong>potuit</strong></span> <span class='ocrx_word' id='word_1_296' title='bbox 1753 4488 1872 4556; x_wconf 90' lang='lat' dir='ltr'><strong>hoc</strong></span> <span class='ocrx_word' id='word_1_297' title='bbox 1919 4486 2103 4556; x_wconf 93' lang='lat' dir='ltr'><strong>modo</strong></span> <span class='ocrx_word' id='word_1_298' title='bbox 2148 4485 2342 4570; x_wconf 88' lang='lat' dir='ltr'><strong>loqui.</strong></span> 
     </span>
     <span class='ocr_line' id='line_1_36' title="bbox 716 4597 2990 4694; baseline -0.004 -20"><span class='ocrx_word' id='word_1_299' title='bbox 716 4614 848 4675; x_wconf 91' lang='lat' dir='ltr'><strong>tum</strong></span> <span class='ocrx_word' id='word_1_300' title='bbox 903 4608 1102 4677; x_wconf 89' lang='lat' dir='ltr'><strong>multo</strong></span> <span class='ocrx_word' id='word_1_301' title='bbox 1151 4609 1529 4677; x_wconf 89' lang='lat' dir='ltr'><strong>moderatior</strong></span> <span class='ocrx_word' id='word_1_302' title='bbox 1576 4614 1639 4676; x_wconf 89' lang='lat' dir='ltr'><strong>et</strong></span> <span class='ocrx_word' id='word_1_303' title='bbox 1682 4607 2022 4694; x_wconf 89' lang='lat' dir='ltr'><strong>pudentior</strong></span> <span class='ocrx_word' id='word_1_304' title='bbox 2068 4603 2298 4672; x_wconf 85' lang='lat' dir='ltr'><strong>Sextus</strong></span> <span class='ocrx_word' id='word_1_305' title='bbox 2346 4605 2442 4668; x_wconf 88' lang='lat' dir='ltr'><strong>est</strong></span> <span class='ocrx_word' id='word_1_306' title='bbox 2485 4601 2551 4668; x_wconf 88' lang='lat' dir='ltr'><strong>in</strong></span> <span class='ocrx_word' id='word_1_307' title='bbox 2597 4598 2783 4668; x_wconf 88' lang='lat' dir='ltr'><strong>tertio</strong></span> <span class='ocrx_word' id='word_1_308' title='bbox 2828 4597 2990 4665; x_wconf 91' lang='lat' dir='ltr'><strong>libro</strong></span> 
     </span>
    </p>
   </div>
  </div>
 </body>
</html>
