3428 5235
1673 364 1764 429 45

494 544 721 630 potuit,
770 540 939 625 quod
984 539 1284 605 reiciendi
1324 560 1525 620 nugas
1557 542 2005 622 grammaticas
2033 547 2098 606 et
2129 562 2308 607 arma
2338 549 2559 617 contra
2589 541 2947 608 rediuiuum

492 661 671 726 illum
706 658 1038 725 Gaesarem
1088 656 1378 740 capiendi
1425 657 1872 743 cupidissimus
1919 665 2076 723 erat.
2148 665 2478 744 praeterea
2510 659 2677 742 quod
2707 659 2949 723 coniec-

493 784 675 843 turae
732 773 1085 860 permultae
1140 774 1269 837 iam
1325 773 1407 837 ab
1469 773 1611 837 aliis
1666 781 2008 859 occupatae
2063 783 2278 858 erant,
2334 776 2768 840 stomachosus
2814 780 2953 839 erat

494 899 558 960 et
602 893 797 958 taedii
845 891 1086 976 plenus
1150 909 1352 972 neque
1400 891 1626 975 opinor
1671 893 1808 956 sine
1854 891 2104 956 irritato
2154 891 2269 957 hoc
2315 894 2527 956 animo
2563 893 2850 976 quintum
2886 895 2952 954 et

495 1016 785 1075 octauum
857 1026 1109 1071 carmen
1178 1025 1329 1071 cura
1402 1006 1659 1089 indigna
1711 1007 2076 1074 iudicasset.
2156 1008 2254 1072 his
2312 1008 2661 1073 rationibus
2723 1007 2948 1071 ductus

493 1127 798 1192 iniustum
854 1122 1243 1188 Lachmanni
1296 1121 1595 1186 iudicium
1647 1124 1757 1207 qui
1811 1131 2017 1188 ortum
2077 1125 2160 1188 sit
2216 1131 2384 1189 recte
2429 1124 2750 1208 explicare
2795 1123 2950 1188 mihi

494 1242 732 1307 uideor.
801 1238 953 1303 Post
981 1235 1455 1302 Lachmannum
1488 1236 1942 1320 Hertzbergius
1988 1239 2294 1320 singulari
2336 1239 2665 1322 diligentia
2698 1248 2768 1304 ut
2798 1239 2948 1304 alibi

493 1360 585 1422 sic
624 1358 687 1421 in
732 1356 851 1420 hoc
890 1374 1138 1438 quoque
1177 1354 1337 1418 libro
1381 1360 1604 1438 poetae
1654 1356 1965 1420 succurrit
1995 1355 2350 1439 multosque
2379 1355 2549 1420 locos
2580 1354 2946 1420 illustrauit.

492 1494 696 1558 neque
760 1471 978 1537 dubito
1036 1471 1186 1554 quin
1243 1490 1318 1534 ea
1375 1490 1619 1553 quoque
1673 1490 1834 1554 quae
1891 1472 2080 1536 etiam
2140 1491 2308 1536 nunc
2362 1477 2472 1535 aut
2531 1471 2949 1556 explicatione

494 1595 605 1654 aut
658 1587 1094 1654 emendatione
1150 1592 1338 1668 egent
1380 1585 1546 1651 felici
1594 1587 1874 1652 uirorum
1925 1586 2249 1652 doctorum
2299 1574 2587 1653 acumine
2634 1587 2757 1652 luci
2803 1587 2949 1653 red-

494 1706 742 1770 dantur.

1623 2153 1814 2230 VI.

673 2364 894 2429 Restat
947 2366 1020 2426 ut
1087 2380 1194 2425 eas
1265 2359 1788 2443 transpositiones
1851 2366 1915 2423 et
1968 2359 2360 2426 coniecturas
2415 2360 2730 2444 proferam
2793 2381 2949 2445 quas

498 2501 622 2547 non
667 2481 793 2545 iam
844 2458 1377 2564 disputationibus
1426 2476 1583 2540 meis
1630 2476 1894 2540 intexui.

1694 2729 1753 2790 1.

566 2872 635 2941 11,
672 2872 761 2940 26,
799 2871 888 2939 31,
924 2868 1011 2923 32.
1085 2883 1252 2922 unum
1291 2866 1422 2921 litus
1458 2865 1562 2920 erit
1596 2865 1792 2935 sopitis
1831 2879 2050 2934 unaque
2086 2870 2235 2920 tecto

1156 2965 1333 3034 arbor,
1372 2971 1429 3019 et
1465 2980 1533 3019 ex
1571 2980 1681 3018 una
1719 2979 1885 3035 saepe
1923 2963 2176 3019 bibemus
2212 2978 2370 3033 aqua.

501 3097 543 3162 i.
587 3117 637 3162 e.
685 3116 825 3161 cum
876 3094 1087 3179 puella
1131 3114 1245 3179 per
1290 3093 1544 3175 longum
1595 3112 1767 3157 mare
1814 3093 1935 3174 ibo,
1998 3112 2122 3156 una
2179 3112 2329 3157 aura
2375 3090 2532 3156 fidos
2581 3093 2738 3158 duos
2787 3098 2952 3176 aget,

502 3234 624 3280 una
674 3214 830 3278 dura
899 3212 1081 3277 nauis
1139 3210 1355 3277 tabula
1412 3209 1615 3275 cubile
1675 3211 1828 3291 erit,
1899 3209 2124 3273 omnia·
2178 3209 2602 3290 nauigationis
2672 3209 2955 3293 pericula

501 3335 704 3395 tecum
763 3328 1085 3415 perpetiar
1142 3327 1327 3392 etiam
1387 3327 1440 3391 si
1489 3326 1694 3391 undae
1744 3325 1843 3390 uel
1891 3325 2056 3390 Iouis
2104 3325 2460 3390 incendium
2512 3346 2735 3391 nauem
2783 3324 2955 3391 dele-

503 3448 743 3527 uerint3
793 3446 869 3510 ad
898 3446 1147 3510 easdem
1176 3463 1318 3508 oras
1342 3444 1572 3508 mortui
1605 3442 2002 3523 iactabimur,
2036 3441 2146 3507 sed
2178 3441 2506 3526 Neptunus
2539 3448 2603 3507 et
2618 3440 2864 3509 Boreas
2895 3447 2959 3508 et

492 3564 713 3631 ‘sidera
757 3563 937 3628 nobis
984 3560 1263 3627 crudelia
1308 3580 1430 3625 non
1480 3563 1684 3638 erunt,
1733 3559 1788 3623 si
1835 3563 2043 3623 autem
2077 3562 2280 3640 erunt,
2331 3558 2656 3623 honestam
2691 3563 2954 3624 mortem

501 3680 568 3745 in
616 3699 879 3765 corpore
934 3683 1040 3743 tuo
1096 3677 1350 3742 moriar.
1466 3674 1644 3739 uides
1699 3673 2099 3758 Propertium
2157 3673 2248 3737 ita
2304 3674 2496 3738 totius
2552 3693 2771 3738 cursus
2825 3693 2959 3737 mo·

502 3797 720 3862 lestias
768 3802 832 3861 et
877 3793 1160 3881 pericula
1208 3791 1592 3873 describere,
1655 3796 1728 3856 ut
1783 3792 1846 3853 in
1906 3796 2133 3855 euentu
2183 3809 2393 3854 rerum
2450 3788 2574 3854 alia
2620 3809 2721 3854 res
2769 3789 2956 3854 aliam

505 3914 795 3998 excipere
845 3912 1063 3977 soleat.
1158 3908 1658 3992 sed‘quomon
1719 3913 2052 3993 postquam
2114 3927 2268 3971 aura
2327 3913 2608 3971 amantes
2666 3907 2729 3971 in
2787 3926 2959 3973 mare

504 4028 783 4111 abstulit,
832 4046 1025 4093 unum
1072 4026 1224 4091 litus
1273 4025 1495 4109 sopitis
1545 4044 1681 4089 esse
1730 4028 1973 4108 potest,
2029 4042 2156 4087 una
2219 4021 2406 4086 arbor
2451 4027 2646 4104 tecto,
2696 4042 2835 4087 cum
2886 4042 2958 4088 eo

505 4146 612 4231 qui
661 4145 1063 4227 subsequitur
1108 4161 1295 4206 uersu
1345 4147 1574 4205 terram
1626 4140 1904 4204 nondum
1954 4142 2186 4203 tactam
2238 4157 2373 4202 esse
2423 4139 2759 4219 arguatur?
2851 4138 2958 4204 sed

505 4267 576 4327 ut
636 4262 749 4327 hoc
805 4266 1031 4347 poetae
1079 4257 1489 4340 concedatur,
1546 4275 1656 4321 cur
1701 4255 1852 4320 litus
1911 4275 2031 4340 quo
2101 4259 2529 4339 peruenerunt
2574 4254 2797 4338 sopitis
2846 4258 2957 4336 est,

505 4397 618 4444 cur
663 4378 852 4463 sopiti
900 4396 1126 4441 nauem
1186 4373 1548 4460 appellunt?
1635 4372 1855 4456 quidni
1912 4372 2133 4436 domus
2190 4370 2401 4456 aliqua
2457 4375 2622 4436 tecto
2678 4369 2767 4434 eis
2825 4368 2961 4434 est?

508 4516 620 4561 cur
668 4515 745 4561 ex
795 4514 958 4578 aqua
1006 4492 1218 4558 bibere
1265 4490 1463 4556 coacti
1513 4489 1698 4555 sunt?
1769 4509 1926 4572 quae
1982 4488 2196 4553 omnia
2250 4506 2389 4552 cum
2450 4485 2737 4570 equidem
2790 4484 2961 4550 nullo

505 4618 691 4700 pacto
737 4610 1103 4693 intellegere
1150 4608 1529 4694 potuissem,
1588 4626 1812 4672 uersus
1869 4606 2012 4670 illos
2067 4611 2212 4690 post
2264 4623 2516 4669 uersum
2579 4604 2665 4668 56
2713 4601 2958 4667 traieci:

2881 4879 2962 4922 ‘A‘
