3428 5235
1695 307 1784 372 47

515 507 723 554 nonne
799 485 1101 551 habemus
1160 504 1353 549 unum
1415 489 1477 548 et
1537 483 1713 566 quasi
1771 483 2107 555 rotundum
2171 486 2620 550 sententiarum
2678 487 2967 552 cursum?

515 623 682 668 nunc
738 603 988 668 demum
1048 605 1195 685 post
1246 599 1402 664 illud
1465 623 1586 686 per
1643 612 1699 665 te
1767 614 2027 666 mortem
2084 604 2335 667 adimus
2393 605 2538 686 apte
2596 607 2659 667 et
2720 602 2969 684 egregie

517 720 830 804 sequitur:
878 732 946 784 tu
980 720 1241 782 Paetum
1289 717 1523 781 obruis.
1595 717 1700 800 qui
1744 737 1917 781 error
1951 697 2466 801 quomodo-ortus
2509 717 2613 802 sit,
2663 739 2739 783 ex
2774 719 2965 783 simili

516 856 809 902 uersuum
860 835 1167 899 maiorum
1219 833 1390 897 exitu
1437 836 1607 898 uitae
1653 856 1714 897 es
1762 870 1841 877 —
1885 835 2153 920 praebes
2201 833 2364 898 ultro
2411 834 2762 919 apparebit.
2839 834 2965 899 iam

519 953 596 1018 ad
645 972 867 1017 uersus
917 950 1179 1016 25—28
1231 950 1561 1014 transitum
1611 949 1937 1015 faciamus,

978 1091 1189 1144 reddite
1224 1104 1422 1158 corpus
1459 1089 1641 1158 humo,
1682 1091 1861 1156 posita
1898 1095 1984 1144 est
2019 1091 2075 1144 in
2112 1091 2330 1159 gurgite
2367 1091 2506 1145 uita:

1049 1190 1279 1243 Paetum
1316 1192 1513 1257 sponte
1550 1194 1662 1256 tua,
1703 1188 1827 1242 uilis
1865 1204 2048 1256 arena,
2086 1192 2272 1259 tegas3

977 1292 1034 1340 et
1069 1287 1322 1355 quotiens
1358 1286 1512 1340 Paeti
1550 1285 1806 1340 transibit
1842 1290 2011 1340 nauta
2047 1286 2373 1356 sepulcrum,

1049 1384 1223 1438 dicat:
1263 1390 1319 1438 et
1356 1384 1551 1438 audaci
1588 1389 1651 1437 tu
1688 1384 1852 1437 timor
1888 1399 2010 1438 esse
2048 1390 2223 1453 potes.

516 1512 617 1579 hic
664 1534 787 1578 non
837 1513 1139 1579 habemus
1189 1533 1307 1596 quo
1342 1511 1495 1577 illud
1528 1515 1771 1578 reddite
1804 1513 2133 1597 pertineat.
2180 1576 2183 1581 ,
2213 1532 2593 1595 quamquam
2629 1511 2792 1577 enim
2829 1531 2967 1577 sae-

514 1629 775 1715 pissime
833 1634 1016 1715 poeta
1076 1650 1188 1713 pro
1246 1630 1431 1694 tertia
1498 1649 1767 1713 persona
1837 1630 2043 1694 subito
2102 1629 2377 1695 secunda
2432 1630 2659 1712 utitur,
2721 1649 2970 1714 semper

516 1750 726 1811 tamen
762 1752 947 1811 antea
980 1745 1054 1810 de
1085 1745 1196 1810 illa
1229 1765 1497 1831 persona
1523 1744 1775 1828 dicitur,
1811 1745 1887 1810 ad
1923 1765 2107 1828 quam
2144 1747 2343 1810 oratio
2378 1745 2698 1827 derigitur.
2772 1765 2972 1829 neque

516 1882 734 1927 uersus
778 1863 1038 1927 17—-24
1086 1861 1480 1947 parenthesis
1528 1881 1664 1926 esse
1713 1867 1996 1946 possunt,
2046 1862 2210 1945 quod
2258 1861 2353 1926 his
2405 1863 2689 1926 uersibus
2727 1861 2970 1945 placide

514 1977 851 2044 fluentibus
908 1978 973 2042 in
1042 1980 1403 2043 uniuersum
1483 1977 1559 2043 de
1616 1998 1815 2061 aquae
1869 1977 2238 2043 crudelitate
2293 1984 2608 2043 narratur.
2725 1977 2832 2043 sed
2901 1984 2975 2042 ut

517 2094 933 2160 concedamus
980 2100 1231 2179 poetam
1282 2095 1361 2159 ad
1412 2099 1634 2159 uentos
1682 2100 1746 2159 et
1794 2114 1987 2179 aquas
2034 2113 2101 2158 se
2133 2095 2519 2160 conuertisse
2566 2113 2705 2159 cum
2739 2094 2976 2159 diceret

516 2213 1035 2287 o·eddite‚,tamen
1085 2231 1306 2276 uersus
1352 2210 1445 2275 illi
1495 2230 1599 2275 eas
1648 2211 2060 2292 cogitationes
2092 2212 2645 2293 interrumperent,
2694 2230 2849 2294 quas
2898 2209 2975 2276 de

519 2326 709 2412 maris
759 2327 1129 2392 crudelitate
1178 2335 1239 2393 et
1286 2327 1610 2392 hominum
1651 2318 1853 2392 'undas
1886 2327 2342 2411 experientium
2379 2327 2649 2393 stultitia
2680 2326 2973 2393 instituit.

516 2462 630 2508 nee
677 2449 886 2509 tamen
930 2449 1080 2531 post
1126 2463 1374 2508 uersum
1428 2445 1510 2508 79
1551 2443 1757 2508 locum
1791 2450 2072 2508 nostrum
2108 2463 2339 2528 ponere
2372 2463 2726 2528 possumus,
2800 2448 2974 2529 post-

518 2582 703 2646 quam
754 2561 920 2627 enim
969 2565 1098 2626 tam
1145 2557 1371 2626 flebilis
1421 2579 1494 2626 ac
1540 2566 1720 2626 tener
1765 2564 1955 2646 poeta
2000 2560 2141 2643 fuit,
2191 2567 2320 2626 tam
2370 2560 2632 2627 acerbus
2679 2579 2816 2627 esse
2847 2579 2975 2625 non

518 2678 740 2763 potuit,
790 2683 862 2744 ut
909 2677 1174 2742 diceretx
1471 2669 1479 2678 ’

942 2817 1155 2872 reddite
1194 2832 1391 2885 corpus
1428 2815 1612 2886 humo,
1652 2817 1834 2885 posita
1872 2823 1957 2871 est
1994 2817 2047 2870 in
2085 2817 2304 2886 gurgite
2343 2817 2475 2888 uita,

1017 2917 1244 2970 Paetum
1285 2920 1480 2984 sponte
1519 2918 1630 2984 tua,
1670 2916 1794 2969 uilis
1832 2931 2013 2985 arena,
2053 2922 2228 2984 tegas.

523 3043 576 3108 si
625 3049 829 3109 autem
867 3064 906 3109 a
936 3042 1310 3108 Nereidibus
1360 3041 1742 3128 postulasset
1786 3049 1856 3107 ut
1903 3063 2135 3127 corpus
2168 3049 2375 3108 terrae
2408 3043 2759 3126 redderent,
2807 3051 2976 3110 certe

520 3161 584 3225 id
641 3181 886 3245 quoque
954 3161 1344 3246 poposcisset
1413 3165 1483 3224 ut
1537 3159 1725 3224 uilem
1786 3180 2039 3224 arenam
2099 3165 2526 3245 aspergerent.
2639 3181 2824 3245 quam
2897 3163 2974 3228 ob

523 3298 798 3361 causam,
848 3278 1092 3362 opinor,
1141 3276 1457 3341 Vahlenus
1507 3296 1751 3361 quoque
1798 3276 1911 3341 hos
1959 3297 2178 3341 uersus
2229 3297 2299 3342 eo
2349 3277 2453 3342 ubi
2501 3276 2739 3341 nullum
2789 3276 2975 3341 intel-

521 3393 747 3458 lectum
799 3392 1032 3458 habent
1079 3413 1262 3477 quam
1319 3393 1439 3457 huc
1487 3394 1635 3478 poni
1684 3394 1927 3457 maluit.
2023 3394 2128 3458 sed
2179 3393 2333 3457 mihi
2382 3395 2635 3458 dubium
2685 3413 2809 3457 non
2860 3398 2975 3475 est,

522 3511 670 3595 quin
720 3517 864 3594 post
909 3531 970 3574 u.
1010 3512 1089 3574 16
1124 3510 1332 3593 potius
1380 3509 1652 3593 ponendi
1702 3509 1847 3572 sint.
1943 3528 2126 3591 quam
2180 3510 2426 3591 egregie
2475 3508 2575 3573 hic
2621 3529 2760 3574 cum
2795 3529 2977 3593 prae-

520 3627 883 3693 cedentibus
930 3628 1185 3692 coeunt!
1243 3625 1463 3689 infelix
1513 3645 1577 3689 es
1628 3623 1893 3710 Aquilo,
1955 3625 2334 3690 immeritam
2394 3624 2670 3690 carinam
2729 3625 2972 3707 fregisti

520 3744 836 3830 Neptune!
889 3744 991 3823 ah,
1039 3742 1333 3827 quoniam
1385 3742 1516 3806 uita
1562 3741 1625 3806 in
1675 3741 1921 3822 gurgite
1956 3742 2161 3826 posita
2195 3746 2310 3823 est,
2359 3747 2487 3806 tam
2525 3739 2807 3806 crudeles
2840 3761 2975 3806 esse

523 3882 645 3926 non
694 3860 977 3946 potestiS,
1025 3865 1096 3923 ut
1142 3879 1265 3923 non
1314 3878 1540 3941 corpus
1590 3857 1888 3922 reddatis.
1984 3867 2047 3922 et
2093 3864 2181 3940 tu,
2232 3877 2443 3938 arena,
2494 3877 2559 3921 es
2608 3858 2775 3921 enim
2822 3858 2976 3922 satis

523 3978 667 4042 uilis
713 3997 830 4042 nec
878 3976 992 4042 tibi
1041 3994 1297 4061 parcere
1347 3994 1504 4059 opus
1566 3981 1688 4055 est,
1748 3972 2015 4039 cadauer
2062 3974 2139 4038 ad
2199 3973 2347 4037 litus
2403 3974 2703 4037 iactatum
2755 3977 2976 4058 sponte

523 4097 631 4158 tua
675 4098 873 4175 tegas
947 4092 1037 4157 sic
1085 4091 1397 4177 sepultum
1437 4088 1718 4184 Paetuma
1750 4090 1856 4173 qui
1908 4094 2101 4155 nauta
2147 4089 2400 4173 uiderit,
2448 4089 2613 4154 dicet
2657 4102 2715 4155 et
2746 4092 2981 4154 audaci
3039 4087 3044 4096 “

516 4223 592 4276 tu
640 4214 829 4277 timor
875 4233 1003 4275 esse
1046 4223 1244 4297 potes.

702 4332 1020 4412 postremo
1068 4325 1144 4390 de
1194 4346 1264 4389 eo
1311 4323 1446 4388 loco
1497 4323 1777 4388 dicamus
1826 4323 1930 4406 qui
1981 4323 2256 4388 omnium
2307 4320 2714 4387 difficillimus
2762 4324 2825 4386 et
2870 4320 2979 4386 ob-

521 4442 924 4509 scurissimus
973 4442 1127 4507 mihi
1176 4440 1536 4507 uidebatur:
1611 4438 1692 4522 II,
1742 4439 1847 4505 34.
1896 4440 1975 4505 de
2022 4440 2196 4504 cuius
2254 4438 2489 4522 elegiae
2534 4437 2657 4503 fine
2701 4435 2977 4502 Ribbek-

522 4559 667 4624 kius
699 4558 829 4624 ind.
863 4559 1003 4624 lect.
1031 4557 1153 4623 Kil.
1187 4559 1353 4624 1867
1390 4561 1453 4623 et
1484 4555 2021 4640 Heydenreichius
2044 4556 2109 4620 in
2136 4559 2469 4621 comment.
2506 4552 2717 4640 philol.
2754 4552 2975 4617 semin.

2893 4823 2944 4848 A

3191 4509 3335 4648 θ’
