3428 5235
1559 336 1640 403 17

551 514 717 602 quod
750 515 854 580 uu.
906 512 1311 598 sequentibus
1356 516 1547 598 poeta
1592 517 1871 596 excusat,
1920 530 2030 577 cur
2076 510 2235 578 uiles
2277 518 2560 598 quaerat,
2605 534 2830 582 uersus

303 717 312 727 .
358 637 637 717 quartus
692 630 1049 698 necessario
1109 634 1180 696 ut
1238 629 1425 696 amici
1486 629 1811 696 cuiusdam
1860 628 2211 696 conuicium
2270 630 2359 696 sic
2419 629 2831 716 explicandus

359 754 503 814 est:
553 753 664 814 aut
708 747 973 834 pudicus
1021 766 1158 811 esse
1206 764 1320 812 nec
1369 745 1527 812 uiles
1575 765 1879 830 quaerere
1926 746 2197 812 debuisti
2245 751 2355 811 aut
2401 767 2524 813 non
2557 748 2635 814 de
2669 747 2831 836 Gyn-

361 862 510 929 thia
556 883 800 930 canere.
875 873 1078 947 neque
1124 882 1237 928 cur
1283 863 1521 928 amicus
1567 861 1674 928 ille
1724 863 1841 928 hoc
1887 861 2120 928 dixerit
2153 849 2484 930 obscurum
2519 870 2634 948 est,
2682 886 2829 932 nam

361 985 542 1047 certe
588 979 890 1046 ridiculus
939 979 1277 1046 uidebatur
1325 984 1577 1046 sanctus
1626 979 1891 1045 Veneris
1952 984 2131 1045 uates
2179 980 2433 1045 sordida
2480 986 2688 1047 scorta
2732 983 2831 1047 in—

361 1101 644 1163 sectans.
737 1098 866 1162 iam
911 1095 1108 1179 igitur
1154 1101 1369 1162 teneas
1417 1096 1495 1162 ob
1544 1116 1682 1162 eam
1730 1115 1985 1163 causam
2046 1096 2316 1163 amicum
2371 1097 2831 1183 impudicitiam

363 1212 555 1280 Sexti
601 1214 995 1300 uituperasse
1042 1211 1206 1297 quod
1256 1212 1334 1279 de
1376 1211 1649 1297 Cynthia
1694 1210 1802 1278 ille
1849 1218 2191 1280 narrasset.
2269 1218 2402 1278 tum
2436 1213 2555 1280 hoc
2587 1234 2833 1300 quoque

365 1329 734 1412 intelleges:
782 1344 849 1397 tu
897 1332 1174 1417 loqueris
1221 1354 1360 1396 cum
1409 1332 1679 1417 Cynthia
1727 1344 1838 1397 tua
1884 1343 2009 1397 toto
2037 1332 2201 1416 foro
2250 1332 2406 1397 lecta
2451 1335 2534 1399 sit
2578 1332 2621 1397 i.
2667 1352 2720 1398 e.
2763 1338 2834 1398 tu

363 1453 502 1513 tam
551 1447 872 1533 impudica
931 1450 1127 1513 uerba
1186 1448 1337 1513 iacis
1396 1467 1535 1512 cum
1594 1448 1657 1512 in
1721 1452 1851 1512 toto
1905 1447 2041 1513 foro
2105 1448 2182 1513 de
2240 1446 2512 1533 Cynthia
2564 1447 2828 1536 legatur,

369 1585 561 1649 quam
612 1584 736 1629 non
785 1571 973 1629 antea
1018 1569 1081 1634 te
1128 1562 1493 1630 relicturum
1546 1584 1684 1629 esse
1730 1564 2011 1630 cecinisti
2062 1585 2249 1649 quam
2295 1564 2584 1631 inuersas
2631 1586 2832 1633 annus

368 1680 545 1748 uices
593 1679 864 1747 duceret.
960 1679 1128 1746 idem
1174 1679 1307 1746 fere
1366 1687 1550 1746 sonat
1609 1680 1775 1765 quod
1821 1679 2275 1765 Neapolitanus
2323 1679 2579 1748 exhibet
2624 1696 2692 1749 tu
2738 1685 2843 1750 loa

368 1801 589 1885 queris
645 1821 786 1864 cum
839 1800 923 1863 sit
977 1801 1111 1862 iam
1173 1810 1322 1863 noto
1359 1797 1605 1882 fabula
1659 1798 1822 1863 libro
1889 1816 1976 1863 sc.
2040 1796 2329 1882 Cynthia.
2448 1819 2831 1885 quamquam

368 1914 568 1997 igitur
612 1912 1019 1999 Neapolitani
1064 1912 1400 1979 lectionem
1447 1917 1774 1998 praestare
1820 1933 1946 1978 non
1994 1915 2196 1979 ausim
2245 1915 2475 1999 dicere,
2522 1916 2586 1982 id
2620 1921 2831 1983 tamen

371 2030 634 2096 dubium
682 2028 836 2094 mihi
883 2048 1008 2095 non
1056 2028 1309 2094 uidetur
1355 2028 1507 2113 quin
1555 2029 1857 2113 optimam
1909 2030 2285 2095 sententiam
2333 2030 2650 2118 praebeat.

447 2160 517 2231 ΙΙ,
554 2163 641 2230 30,
683 2161 749 2215 19
786 2173 868 2229 sq.
941 2175 1071 2214 num
1109 2160 1236 2230 iam,
1276 2159 1429 2229 dure,
1466 2175 1631 2229 paras
1668 2159 1937 2230 Phrygias
1974 2176 2119 2215 nunc
2156 2162 2234 2216 ire
2270 2177 2370 2232 per
2406 2162 2582 2218 undas

1013 2262 1071 2312 et
1104 2262 1293 2328 petere
1329 2258 1573 2327 Hyrcani
1609 2258 1796 2313 littora
1832 2263 1966 2314 nota
2001 2259 2183 2314 maris.

370 2378 632 2464 quintus
678 2398 860 2444 casus
911 2376 1013 2444 ille
1061 2377 1395 2444 masculini
1443 2377 1691 2461 generis
1740 2377 1968 2444 Puccio
2016 2378 2278 2445 debetur
2336 2379 2437 2444 uel
2495 2380 2604 2446 alii
2657 2380 2831 2448 illius

369 2494 516 2561 aeui
550 2494 962 2577 emendatori,
1009 2492 1455 2577 Groninganus
1488 2497 1655 2560 dura
1690 2494 1964 2578 exhibet,
2014 2495 2180 2579 quod
2211 2494 2520 2582 Cynthiae
2551 2498 2832 2585 ineptam

368 2609 649 2679 bellandi
707 2609 1063 2698 cupidinem
1115 2610 1441 2678 tribueret.
1520 2631 1635 2677 nec
1680 2610 1891 2677 minus
1939 2612 2298 2679 coniectura
2340 2638 2496 2679 num
2540 2636 2620 2681 ex
2664 2641 2840 2708 nune⁴

365 2734 582 2795 ortum
632 2733 746 2794 est.
828 2728 977 2812 quid
1026 2747 1215 2814 porro
1263 2727 1341 2793 de
1387 2729 1703 2795 sententia
1749 2729 1994 2795 dicam?
2065 2737 2211 2816 post
2239 2730 2621 2816 patheticam
2654 2732 2830 2800 illam

361 2867 668 2912 uersuum
708 2848 925 2911 1-10
958 2846 1333 2931 orationem,
1371 2852 1517 2930 post
1545 2846 1791 2912 ualidas
1823 2847 2211 2932 blandasque
2244 2868 2537 2914 uersuum
2572 2852 2830 2918 12—18

362 2961 783 3044 cogitationes
831 2981 1030 3046 paene
1073 2961 1287 3047 inepte
1335 2963 1619 3046 sequitur
1664 2964 2076 3046 interrogatio
2126 2984 2286 3048 quae
2334 2971 2454 3032 est:
2503 2991 2656 3032 num
2699 2971 2833 3034 iam

355 3102 571 3167 paras
626 3102 723 3144 me
773 3079 1166 3164 relinquere?
1243 3077 1362 3143 hoc
1418 3079 1585 3143 enim
1643 3078 1916 3164 Cynthia
1970 3081 2095 3144 iam
2155 3081 2374 3165 sciuit,
2439 3088 2658 3148 contra
2715 3085 2832 3150 hoc

299 3182 306 3185 ⁷
367 3193 699 3261 consilium
750 3195 877 3260 iam
927 3199 1111 3260 antea
1159 3195 1488 3280 pugnauit.
2282 3204 2287 3210 ’

443 3374 449 3380 .
550 3311 708 3378 mihi
754 3312 951 3395 igitur
997 3332 1076 3377 ne
1124 3312 1366 3377 duabus
1415 3311 1663 3397 quidem
1700 3313 2079 3379 coniecturis
2126 3314 2469 3399 probabilis
2517 3318 2831 3383 sententia

368 3435 510 3495 orta
565 3448 702 3495 esse
750 3429 1020 3494 uidetur.
1114 3449 1274 3514 quae
1322 3429 1746 3496 dubitationes
1796 3431 2027 3496 codicis
2075 3430 2129 3495 N
2177 3430 2446 3498 lectione
2491 3431 2830 3501 firmantur

369 3566 560 3629 quam
609 3547 905 3611 maxime.
982 3545 1081 3609 hic
1128 3547 1331 3610 enim:
1377 3570 1548 3611 nune
1581 3582 1663 3590 —
1696 3566 1845 3611 nam
1890 3570 2023 3613 non
2068 3566 2277 3612 merus
2327 3549 2570 3632 primae
2603 3570 2827 3618 manus

281 3662 286 3667 ’
369 3682 545 3727 error
610 3667 735 3744 est,
805 3660 1153 3726 cuiusmodi
1221 3659 1404 3725 multi
1468 3661 1546 3726 ab
1601 3661 1710 3727 illo
1759 3661 2019 3728 librario
2072 3663 2395 3745 commissi
2456 3666 2624 3732 obuii
2681 3673 2830 3733 sunt

370 3813 457 3822 —-
504 3791 713 3843 tamen
754 3780 1067 3843 immerito
1108 3779 1428 3864 leyqias
1473 3803 1643 3843 nunc
1687 3782 1785 3844 ire
1826 3803 1945 3866 per
1989 3782 2213 3845 undas.
2292 3779 2411 3846 hoe
2454 3795 2662 3848 tamen
2703 3787 2826 3849 im-

368 3897 614 3976 merite,
666 3893 772 3959 ubi
819 3901 887 3960 ιῖι
929 3891 1217 3959 firmatur
1265 3894 1523 3961 editoris
1565 3896 1913 3981 nuperrimi
1962 3894 2242 3961 codicum
2276 3895 2393 3962 DV
2422 3896 2690 3965 lectione
2735 3913 2824 3982 tu,

370 4029 449 4077 ex
494 4014 628 4076 iam
672 4013 839 4075 dura
878 4034 1080 4097 paras
1126 4009 1253 4076 ullo
1302 4010 1487 4077 modo
1535 4010 1670 4076 fieri
1720 4012 2000 4096 potuisse
2048 4032 2227 4094 nego.
2319 4006 2531 4097 itaque
2576 4013 2723 4080 libri
2771 4013 2828 4080 G

369 4125 567 4193 uerba
614 4125 994 4212 interpolata
1042 4147 1179 4193 esse
1222 4128 1529 4212 sequitur.
1603 4133 1674 4193 ut
1719 4133 1926 4194 autem
1976 4127 2285 4194 medelam
2335 4128 2479 4195 huic
2509 4129 2645 4195 loeo
2679 4129 2827 4197 affe-

368 4263 526 4327 ram,
576 4262 700 4308 non
749 4242 924 4328 prius
973 4243 1084 4308 sed
1126 4246 1438 4328 posterius
1469 4270 1640 4311 nunc
1670 4250 2034 4330 corruptum
2071 4265 2208 4312 esse
2240 4245 2399 4311 dico.
2471 4251 2622 4332 puto
2656 4247 2824 4312 enim

366 4379 541 4426 mero
590 4379 808 4426 errore
848 4358 1007 4425 illud
1056 4360 1428 4427 uocabulum
1478 4362 1574 4428 bis
1624 4363 1897 4447 positum
1947 4383 2107 4446 esse,
2168 4362 2384 4447 quales
2431 4363 2824 4448 corruptelae

366 4476 717 4543 sexcenties
788 4481 853 4542 et
922 4477 1089 4562 apud
1137 4476 1537 4564 Propertium
1611 4483 1676 4544 et
1744 4478 1913 4564 apud
1974 4479 2133 4544 alios
2195 4483 2259 4544 et
2311 4479 2487 4568 apud
2543 4480 2823 4547 cuiusuis

363 4588 1009 4680 linguaejscriptores
1056 4593 1485 4660 inueniuntur.
1580 4594 1794 4679 itaque
1842 4597 1960 4662 hoc
2005 4614 2320 4682 propono:

2323 4701 2359 4753 2
