3428 5235
1699 339 1786 424 36

516 536 906 623 temporibus
954 535 1268 621 praebuit,
1316 556 1419 600 uu.
1462 537 1682 601 9—16
1733 535 1808 600 de
1854 541 2068 602 uetere
2116 536 2394 620 ciuitate,
2442 557 2547 601 uu.
2585 538 2846 602 17—26
2894 537 2969 602 de

517 655 686 720 illius
745 654 967 719 aetatis
1017 652 1273 718 deorum
1323 651 1524 735 cultu,
1584 673 1685 717 uu.
1724 653 1989 718 27-30
2036 652 2114 717 de
2159 673 2228 717 re
2275 651 2534 717 militari
2589 633 2775 736 p'oeta
2817 652 2965 734 agit.

515 772 783 856 primam
835 774 1042 835 autem
1094 774 1340 853 partem
1389 768 1478 833 sic
1525 768 1821 851 instituit,
1869 775 1939 833 ut
1983 769 2268 834 uersibus
2309 773 2362 833 1.
2399 770 2459 833 2.
2493 769 2559 833 in
2603 769 2966 834 uniuersum

516 888 727 953 omnia
782 890 966 971 prata
1011 884 1206 949 fuisse
1253 883 1489 948 diceret
1535 902 1800 967 cumque
1847 889 2172 967 pratorum
2221 884 2602 950 mentionem
2651 884 2971 949 iniecisset

514 1004 594 1069 de
633 1023 733 1067 eo
805 1020 1049 1085 quoque
1119 1000 1414 1063 lectorem
1471 999 1804 1063 certiorem
1860 999 2095 1064 faceret
2151 999 2258 1064 ubi
2316 999 2542 1065 bouum
2603 999 2969 1065 concubitus

513 1119 755 1183 fuisset.
813 1122 999 1199 atque
1027 1114 1670 1204 ‘magnificentissima
1703 1114 1938 1180 Romae
1980 1114 2262 1180 aedificia
2295 1115 2534 1201 templa
2565 1120 2749 1181 erant
2778 1135 2965 1200 quam

514 1234 592 1299 ob
640 1253 773 1297 rem
821 1253 894 1298 ea
941 1230 1226 1296 uersibus
1273 1231 1335 1294 5.
1386 1232 1425 1295 6
1475 1231 1695 1313 tangit.
1761 1230 1886 1295 iam
1936 1231 2253 1296 concludit
2299 1231 2461 1297 hanc
2506 1238 2774 1316 partem,
2822 1250 2964 1296 cum

515 1349 636 1414 duo
688 1348 827 1413 loca
872 1366 1038 1412 nunc
1084 1347 1331 1428 egregie
1379 1353 1601 1412 ornata
1648 1352 1710 1412 et
1755 1348 2153 1430 frequentata
2199 1354 2347 1413 tunc
2393 1348 2563 1412 nuda
2609 1353 2673 1412 et
2719 1348 2968 1413 deserta

510 1466 706 1531 fuisse
762 1469 1010 1547 narret,
1070 1462 1448 1548 Capitolium
1512 1469 1574 1528 et
1620 1463 1895 1528 Tiberim
1948 1463 2061 1528 sub
2111 1465 2421 1549 Capitolio
2468 1463 2797 1546 fluentem,
2863 1461 2967 1528 ubi

514 1581 863 1665 emporium
913 1580 1165 1645 nauium
1216 1579 1469 1664 plenum
1521 1585 1744 1664 pontes
1778 1579 2058 1664 porticus
2092 1579 2640 1663 splendidissimae
2673 1600 2967 1666 campus-

514 1717 635 1782 que
679 1696 944 1761 Martius
1005 1702 1159 1761 erat.
1254 1715 1460 1761 nonne
1513 1695 1837 1760 fatendum
1898 1701 1994 1762 est
2051 1696 2422 1762 breuissime
2469 1701 2719 1781 poetam
2771 1697 2964 1762 totius

511 1814 750 1879 Romae
809 1813 1146 1894 imaginem
1211 1813 1388 1896 quasi
1447 1812 1560 1877 sub
1622 1812 1832 1877 oculos
1890 1812 2070 1877 uobis
2130 1812 2503 1895 subiecisse,
2575 1832 2715 1877 cum
2765 1818 2964 1878 totam

513 1931 731 1996 urbem
788 1929 1006 1995 collem
1072 1934 1141 2019 et
1191 1927 1445 2021 herbaS‚
1502 1928 1742 2012 templa
1797 1948 2007 2011 casas,
2065 1928 2468 1994 celeberrima
2523 1929 2660 1996 loca
2716 1930 2968 2020 deserta

510 2048 704 2112 fuisse
761 2046 1032 2113 diceret?
1102 2066 1316 2120 ‘unum
1379 2049 1619 2110 tantum
1680 2045 1862 2110 uideo
1921 2044 2088 2127 quod
2142 2046 2277 2110 iure
2338 2044 2564 2130 aliquis
2623 2046 2963 2140 uituperet,

513 2164 743 2230 bouum
793 2163 931 2228 dico
981 2162 1360 2226 mentionem
1410 2161 1723 2232 iteratam.
1783 2161 1891 2226 sed
1939 2162 2057 2227 hoc
2093 2162 2261 2246 apud
2292 2161 2690 2250 Propertium
2725 2164 2963 2230 nullam

513 2278 917 2346 offensionem
966 2278 1269 2363 praebere
1316 2277 1432 2342 hoc
1476 2276 1612 2342 loco
1661 2277 2131 2343 demonstrabo:

584 2419 625 2488 1,
664 2422 714 2488 2,
759 2421 783 2472 1
824 2433 940 2488 sqq.
1017 2418 1148 2487 quid
1186 2418 1342 2472 iuuat
1377 2422 1567 2472 ornato
1606 2418 1919 2486 procedere,
1959 2419 2088 2487 uita,
2129 2419 2324 2486 capillo

1116 2521 1172 2569 et
1207 2520 1400 2569 tenues
1440 2515 1553 2570 Coa
1591 2520 1748 2569 ueste
1787 2530 2008 2569 mouere
2047 2516 2198 2569 sinus

1009 2620 1105 2669 aut
1141 2614 1269 2684 quid
1309 2614 1547 2670 Orontea
1584 2614 1763 2668 crines
1799 2613 2126 2683 perfundere
2165 2630 2362 2682 murra,

511 2746 650 2829 ubi,
696 2764 836 2810 cum
885 2744 1089 2828 primo
1137 2762 1325 2808 uersu
1374 2742 1449 2807 de
1497 2747 1719 2807 ornato
1768 2743 2027 2827 capillo,
2078 2743 2263 2807 tertio
2313 2741 2389 2808 de
2436 2762 2649 2807 murra
2696 2743 2961 2826 dicatur,
2991 2826 3005 2837 .

510 2882 636 2927 non
682 2860 888 2926 herc-le
936 2860 1092 2925 bene
1137 2857 1351 2943 capilli
1396 2860 1566 2923 notio
1607 2859 1891 2924 recurrit.

690 2976 914 3042 deinde
946 2970 1022 3041 de
1053 2975 1309 3040 ciuitate
1341 2975 1430 3039 ita
1461 2974 1760 3058 loquitur,
1792 2981 1862 3038 ut
1895 2995 1932 3039 a
1965 2974 2214 3056 regibus
2240 2975 2603 3040 exordiatur
2627 2976 2818 3041 uu.‘9.
2854 2977 2965 3042 10:

509 3114 704 3159 unum
762 3093 1028 3158 fratrum
1091 3092 1295 3157 focum
1357 3111 1431 3156 ea
1487 3092 1681 3157 fuisse
1739 3111 1937 3175 regna
1994 3111 2152 3176 quae
2209 3097 2430 3176 postea
2479 3092 2751 3158 maxima
2800 3095 2966 3159 facta

512 3217 739 3277 essent.
834 3212 960 3275 iam
1021 3209 1228 3295 pergit
1284 3208 1360 3272 ad
1408 3207 1682 3284 Quirites
1730 3205 2053 3292 (11--14)
2101 3209 2206 3292 qui
2254 3213 2387 3272 tum
2437 3211 2735 3294 temporis
2782 3230 2819 3303 a
2866 3229 2964 3276 se-

513 3327 837 3392 natoribus
893 3346 1018 3390 non
1078 3326 1312 3389 diuersi
1369 3330 1578 3407 erant,
1637 3329 1709 3388 ut
1758 3318 1978 3388 Liuius
2037 3343 2282 3408 quoque
2329 3323 2389 3407 Ι,
2450 3325 2523 3408 8,
2583 3325 2652 3390 7:
2725 3339 2966 3391 centum

512 3457 681 3509 creat
738 3455 1052 3507 senatores
1110 3444 1244 3504 siue
1302 3443 1455 3525 quia
1512 3443 1569 3503 ie
1624 3463 1921 3504 numerus
1977 3443 2130 3504 satis
2189 3453 2323 3505 erat
2379 3444 2542 3505 siue
2589 3445 2774 3527 quia
2819 3443 2970 3508 soli
3070 3460 3073 3463 ’

513 3574 811 3626 centum
867 3569 1080 3623 erant
1137 3561 1273 3642 qui
1329 3559 1591 3620 creari
1635 3569 1904 3642 patres
1952 3569 2292 3642 possent.
2391 3555 2453 3620 hi
2511 3554 2786 3633 Quirites
2843 3576 2966 3623 non

510 3675 856 3762 praetextis
905 3673 1013 3738 sed
1061 3672 1330 3757 pellibus
1378 3672 1580 3736 induti
1631 3673 1859 3738 bucina
1905 3672 2288 3754 cogebantur
2335 3691 2448 3737 nec
2494 3693 2638 3739 raro
2685 3675 2749 3738 in
2784 3680 2965 3759 prato

515 3798 799 3859 senatum
850 3789 1185 3855 habebant.
1251 3808 1450 3872 neque
1484 3794 1619 3853 tum
1652 3789 1897 3854 theatra
1931 3794 2129 3870 erant,
2177 3789 2282 3854 ubi
2317 3794 2536 3874 postea
2560 3790 2966 3872 magistratus

522 3912 843 3974 senatores
893 3906 1134 3989 equites
1180 3904 1417 3970 Romae
1465 3904 1804 3970 bonoribus
1854 3903 2302 3973 afficiebantur.
2354 3907 2484 3985 (15.
2543 3904 2671 3987 16.)

694 4044 881 4110 porro
930 4024 1007 4089 de
1051 4023 1284 4088 ueteris
1315 4021 1551 4089 Romae
1600 4023 1854 4088 deorum
1907 4021 2076 4088 cultu
2111 4023 2258 4105 agit.
2330 4041 2454 4086 non
2490 4028 2619 4088 tum
2653 4021 2966 4088 Romanos

515 4161 591 4209 ex
646 4141 824 4206 libris
875 4139 1200 4225 Sibyllinis
1262 4142 1553 4205 externos
1611 4139 1792 4204 diuos
1852 4139 2242 4221 quaesiuisse
2303 4143 2374 4204 ut
2429 4150 2569 4204 s'ese
2614 4140 2966 4226 expiarent,

514 4258 622 4324 sed
672 4256 1165 4322 oscillationibus
1214 4263 1277 4320 et
1321 4255 1504 4320 faeno
1541 4255 1806 4321 adcenso
1841 4276 1907 4320 se
1939 4274 2263 4340 purgasse.
2331 4254 2614 4338 sequitur
2646 4255 2722 4320 de
2756 4254 2965 4339 Vesta,

514 4373 994 4459 CompitalibuS‚
1041 4369 1494 4457 Lupercalibus
1541 4372 1634 4437 ita
1678 4377 1751 4436 ut
1797 4371 2146 4456 uituperari
2196 4370 2351 4435 nihil
2400 4371 2621 4467 possit.

691 4491 757 4555 in
806 4510 877 4556 eo
926 4495 1136 4555 tamen
1183 4495 1351 4554 recte
1397 4489 1518 4553 uiri
1568 4488 1736 4554 docti
1784 4488 2154 4570 haeserunt,
2214 4487 2377 4572 quod
2424 4486 2582 4553 illud
2629 4512 2966 4575 annuaque

514 4606 825 4672 celebrare
886 4606 1161 4691 positum
1221 4610 1315 4671 est
1376 4605 1552 4690 quasi
1608 4605 2014 4690 praecederet
2075 4605 2360 4670 omnibus
2409 4626 2560 4669 cura
2589 4604 2766 4688 fuit,
2823 4623 2963 4671 cum

805 4714 822 4743 Ι
