3428 5235
1699 336 1781 400 37

519 510 731 578 tamen
795 532 978 577 uersu
1034 512 1110 576 17
1160 511 1472 594 legeretur
1518 513 1684 577 nulli
1728 537 1884 578 cura
1911 515 2071 598 fuit.
2169 535 2371 599 neque
2419 515 2604 601 plane
2650 516 2969 597 geminum

520 628 879 715 exemplum
937 648 1314 713 quamquam
1376 628 1610 694 similia
1663 628 2115 713 Hertzbergius
2177 633 2374 698 multa
2434 633 2761 697 annotauit
2816 631 2972 696 mihi

517 740 736 818 notum
785 752 899 814 est.
966 745 1076 811 sed
1125 765 1237 811 nos
1286 747 1389 829 qui
1441 765 1688 830 semper
1736 752 2099 812 construere
2146 750 2346 814 coacti
2394 750 2614 833 simuS,
2664 754 2731 814 ut
2776 767 2971 813 enun-

517 871 744 936 tiatum
793 862 1045 948 aliquod
1092 861 1560 945 intellegamus»,
1616 863 1817 945 magis
1873 864 1937 928 in
1993 846 2109 930 hac
2165 886 2232 930 re
2279 867 2536 932 haerere
2583 871 2735 950 puto
2784 883 2971 947 quam

517 973 763 1052 ueteres
819 982 925 1066 qui
983 979 1060 1045 ab
1116 978 1462 1044 infantibus
1521 978 1638 1045 hac
1698 978 1912 1062 lingua
1961 982 2057 1045 usi
2104 981 2248 1046 sint.
2343 1002 2544 1066 neque
2593 980 2968 1066 praesertim

517 1122 658 1169 cum
717 1088 938 1171 uersus
1001 1099 1109 1191 18
1140 1095 1549 1180 interpositus
1609 1096 1726 1178 sit,
1788 1102 1914 1161 tam
1966 1095 2240 1162 difficilis
2287 1098 2442 1164 haec
2488 1097 2971 1165 constructionis

517 1219 780 1284 mutatio
841 1233 976 1280 esse
1032 1213 1186 1278 mibi
1242 1212 1523 1296 uidetur,
1584 1219 1653 1277 ut
1697 1212 2096 1298 Propertium
2157 1217 2219 1280 in
2277 1217 2444 1281 omni
2501 1235 2730 1298 genere
2778 1213 2969 1280 auda-

514 1335 834 1401 cissimum
883 1331 945 1394 in
997 1329 1311 1394 elaborato
1360 1329 1638 1394 carmine
1683 1328 1799 1395 hoc
1848 1332 2231 1396 euitaturum
2278 1333 2471 1398 fuisse
2520 1306 2805 1398 arbitrer.

693 1449 960 1532 denique
1009 1466 1222 1512 eorum
1270 1466 1562 1511 uersuum
1616 1446 1842 1530 quibus
1877 1446 1953 1513 de
1983 1468 2051 1513 re
2085 1449 2345 1514 militari
2378 1450 2506 1530 egit
2539 1450 2778 1533 priores
2813 1448 2968 1513 duos

513 1569 638 1633 iam
697 1583 892 1649 supra
949 1563 1190 1627 meritis
1250 1562 1541 1628 laudibus
1599 1563 1901 1628 extulisse
1960 1565 2111 1629 mihi
2174 1564 2409 1630 uideor.
2505 1585 2705 1648 neque
2761 1566 2967 1629 minus

513 1681 964 1769 posterioribus
1021 1699 1289 1744 neruosa
1344 1681 1508 1744 inest
1566 1680 1870 1745 breuitas:
1940 1682 2173 1748 rustico
2224 1682 2434 1764 galero
2482 1687 2683 1748 tectus
2732 1686 2868 1746 erat
2914 1682 2966 1746 is

515 1802 618 1884 qui
689 1798 894 1884 prima
965 1796 1280 1880 praetoria
1338 1799 1581 1880 posuit,
1653 1803 1837 1861 antea
1896 1800 2058 1862 enim
2121 1799 2353 1864 milites
2412 1798 2690 1864 tulerunt
2746 1801 2967 1886 aprico

493 1918 759 2003 friqida
805 1926 1014 1978 castra
1047 1913 1235 1991 Lare,
1288 1916 1350 1976 et
1396 1912 1524 1977 dux
1572 1911 2016 1978 celeberrimus
2052 1915 2269 1979 Tatius
2317 1915 2505 1979 simul
2551 1916 2769 1999 pastor
2809 1919 2965 1979 erat.

690 2030 807 2095 hoc
862 2028 1048 2094 modo
1106 2032 1440 2112 postquam
1502 2026 1870 2109 singillatim
1921 2034 2107 2113 poeta
2154 2029 2230 2094 de
2278 2035 2490 2096 uetere
2536 2030 2735 2096 Roma.
2783 2030 2965 2113 dixit,

510 2147 633 2212 iam
666 2136 770 2211 'ad
829 2143 1320 2209 concludendam
1372 2144 1638 2228 primam
1692 2144 1876 2208 huius
1926 2146 2223 2210 carminis
2274 2151 2516 2231 partem
2569 2147 2968 2232 progreditur

511 2264 625 2329 sic:
675 2262 820 2329 hinc
873 2262 915 2324 i.
953 2281 1003 2324 e.
1057 2281 1133 2325 ex
1183 2260 1280 2324 his
1329 2260 1714 2325 tenuissimis
1763 2261 1961 2326 initiis
2001 2260 2270 2326 Ramnes
2304 2263 2498 2328 Tities
2530 2262 2798 2329 Luceres
2847 2265 2967 2328 orti

511 2386 659 2445 sunt
714 2383 777 2443 et
821 2377 1125 2467 Romulus
1186 2376 1625 2461 triumphauit.
1721 2376 1948 2441 deinde
2006 2377 2170 2460 quod
2230 2381 2512 2462 sequitur
2560 2384 2797 2469 quippe
2842 2398 2964 2447 non

515 2496 753 2580 accipio
803 2500 872 2559 ut
911 2493 1363 2574 Hertzbergius
1412 2506 1469 2558 et
1514 2506 1693 2557 erant
1742 2498 1855 2578 qai
1898 2495 2205 2559 debellari
2237 2510 2517 2581 possent,
2556 2500 2968 2583 propinquae

510 2616 823 2694 ciuitates,
881 2635 1040 2696 quae
1093 2634 1262 2675 nunc
1318 2613 1432 2675 uix
1489 2623 1883 2696 comparent,
1948 2624 2093 2675 tunc
2141 2611 2340 2676 hostes
2384 2613 2559 2677 haud
2602 2615 2963 2699 spernendi,

510 2730 618 2795 sed
666 2731 756 2794 ita
803 2735 873 2793 ut
917 2726 1090 2791 illam
1143 2727 1515 2811 particulam
1568 2727 1644 2791 ad
1695 2747 1908 2796 uocem
1947 2729 2093 2821 hiae
2124 2729 2515 2793 referendam
2552 2748 2685 2794 esse
2720 2736 2962 2814 putem:

509 2867 587 2913 ex
659 2846 754 2910 his
824 2844 1112 2910 tenuibus
1184 2845 1410 2927 initiis,
1480 2865 1626 2909 nam
1684 2844 1966 2910 Bouillae
2022 2845 2422 2911 suburbanae
2479 2846 2741 2929 ideoque
2800 2849 2964 2932 peri-

509 2962 939 3027 culosissimae
1003 2966 1153 3025 tunc
1214 2962 1353 3045 ipsa
1414 2961 1567 3025 urbe
1624 2961 1894 3025 maiores
1953 2968 2133 3026 erant
2191 2966 2255 3027 et
2311 2982 2370 3045 q.
2414 2982 2463 3025 S.
2524 2982 2739 3028 ueram
2797 2963 2961 3027 enim

509 3079 665 3143 duco
716 3075 1100 3160 Groningani
1151 3077 1381 3141 codicis
1430 3078 1840 3162 scripturam:

1078 3225 1277 3294 quippe
1317 3224 1664 3279 suburbanae
1702 3240 1907 3293 paruae
1946 3224 2124 3279 minus
2164 3223 2298 3279 urbe
2337 3225 2601 3280 Bouillae.

509 3363 774 3449 optime,
824 3363 987 3448 quod
1029 3361 1311 3427 Bouillae
1359 3362 1547 3426 etiam
1599 3366 1747 3426 tunc
1797 3381 2029 3445 paruae
2079 3366 2286 3442 erant,
2336 3361 2445 3425 sed
2495 3365 2706 3427 tamen
2759 3363 2963 3426 minus

509 3499 746 3565 paruae
818 3480 988 3545 urbe.
1084 3499 1228 3542 nam
1303 3484 1520 3542 contra
1591 3477 1989 3562 Neapolitani
2051 3501 2271 3564 parua
2338 3482 2547 3543 mima
2615 3478 2963 3544 rectissime

510 3595 820 3681 pugnauit
842 3594 1307 3676 LachmannuS,
1340 3597 1558 3659 contra
1591 3592 1979 3658 Lachmanni
2014 3618 2228 3680 parua
2261 3598 2501 3658 eminus
2534 3594 2961 3676 Eschenburg.

509 3712 818 3779 obseruat.
869 3712 1006 3777 crit.
1055 3713 1121 3776 in
1168 3710 1355 3795 Prop.
1405 3710 1659 3775 Bonnae
1713 3711 1903 3775 1865.
1999 3730 2111 3775 nec
2158 3711 2365 3774 minus
2416 3708 2597 3775 Gabii
2652 3716 2799 3775 tunc
2846 3731 2961 3795 pro

509 3829 742 3895 Romae
787 3828 1153 3894 infirmitate
1204 3828 1480 3893 maxima
1526 3827 1710 3892 turba
1758 3831 1924 3891 erat:

1076 3990 1133 4040 et
1170 3986 1323 4039 stetit
1361 3984 1500 4040 Alba
1536 3990 1748 4054 potenS,
1792 3984 1946 4038 albae
1986 3986 2098 4039 suis
2136 3985 2315 4037 omine
2355 3990 2499 4053 nata,

1181 4083 1284 4137 hac
1322 4084 1412 4137 ubi
1441 4083 1675 4137 Fidenas
1716 4086 1874 4151 longe
1914 4088 2031 4137 erat
2067 4084 2146 4135 ira
2184 4082 2319 4135 uias.

509 4238 695 4316 atque
744 4232 858 4296 hoc
904 4231 1039 4296 loco
1089 4230 1255 4315 quod
1301 4233 1582 4296 Fidenas
1629 4235 1770 4296 uias
1800 4245 2057 4315 prorsus
2092 4229 2497 4312 singulariter
2529 4228 2763 4294 dIctum
2797 4232 2962 4293 esset
3032 4289 3034 4291 ,

511 4354 573 4413 et
619 4349 853 4434 optime
902 4348 1204 4414 Miillerus
1253 4349 1450 4433 praef.
1499 4350 1565 4413 in
1614 4347 1801 4431 Prop.
1844 4368 1905 4430 p.
1956 4344 2158 4410 XLIX
2207 4350 2269 4411 et
2314 4344 2365 4409 L
2414 4344 2584 4410 illam
2638 4342 2959 4408 elisionem

510 4468 692 4553 lonye
719 4466 941 4531 eratin
969 4466 1387 4551 suspicionem
1411 4466 1680 4548 uocauit,
1707 4463 1917 4529 Puccii
1945 4465 2135 4550 Zonqa
2155 4498 2240 4506 —-
2262 4466 2373 4527 uia
2394 4461 2764 4547 praeferam.
2802 4480 2961 4544 quae

508 4582 691 4648 lectio
741 4582 986 4648 etiamsi
1035 4584 1394 4650 coniectura
1443 4582 1659 4649 effecta
1708 4588 1825 4665 est,
1874 4584 2082 4645 tamen
2126 4579 2453 4645 fatendum
2490 4586 2585 4643 est
2612 4576 2956 4643 faciliorem
