3428 5235
1731 338 1772 402 9

524 536 665 582 cum
718 521 828 581 aut
875 515 1296 602 perfectaaut
1326 514 1719 600 imperfecta,
1764 515 1932 580 idem
1968 513 2386 598 significantia
2416 514 2579 601 quod
2614 515 2979 601 plusquam-

521 633 803 719 perfecta
850 630 988 716 illa,
1047 631 1335 717 proxime
1397 630 1646 696 adsunt.
1714 651 1866 697 -nec
1921 631 1999 696 de
2058 631 2251 697 simili
2319 632 2518 698 futuri
2586 632 2792 698 exacti
2860 652 2980 697 usu

523 750 712 836 periti
757 749 1065 814 dubitant.
1160 747 1473 832 Propertii
1522 747 1813 832 exempla
1858 747 2011 814 haec
2057 754 2231 814 sunt:

595 890 690 959 111,
732 890 814 959 11,
853 888 948 944 65:
988 886 1124 943 haec
1161 887 1217 942 di
1254 887 1628 956 condiderant,
1666 887 1803 943 haec
1841 887 1895 942 di
1934 903 2152 958 quoque
2191 880 2406 945 moenia
2442 892 2682 945 seruant.

523 1008 569 1074 i.
603 1028 658 1075 e.
730 1012 877 1074 ante
923 1027 1184 1089 magnas
1230 1005 1372 1073 illas
1418 1006 1638 1093 populi
1682 1006 1952 1072 Romani
1994 1028 2096 1074 res
2142 1012 2371 1090 gestas,

597 1149 700 1218 Iv,
737 1149 789 1217 5,
825 1148 895 1202 69
934 1146 1083 1215 (71):
1121 1126 1385 1216 exequiae
1421 1146 1638 1202 fuerant
1672 1148 1782 1202 rari
1819 1145 2025 1202 furtiua
2059 1148 2240 1218 capilli

1163 1245 1383 1300 uincula
1418 1275 1486 1284 —

532 1365 574 1430 i.
608 1385 659 1432 e.
697 1368 841 1431 ante
886 1365 1472 1431 concremationem.

599 1505 694 1576 lv,
735 1506 785 1575 ⁷,
826 1505 918 1560 15:
956 1505 1138 1559 iamne
1174 1503 1276 1559 tibi
1313 1504 1633 1560 exciderant
1667 1468 1919 1574 uigilacis
1954 1510 2105 1561 tecta
2141 1504 2430 1561 Suburae?

523 1626 567 1690 i.
601 1643 655 1690 e.
734 1628 1070 1709 antequam
1119 1642 1339 1689 somno
1388 1627 1449 1688 te
1496 1623 1746 1690 dedisti.

592 1764 688 1835 IV,
726 1765 778 1834 8,
815 1763 913 1819 54:
951 1763 1258 1830 palluerant
1292 1763 1414 1833 ipso
1450 1761 1606 1818 labra
1641 1763 1823 1818 soluta
1860 1779 2028 1818 merc.

521 1882 565 1948 i.
600 1902 654 1948 e.
726 1888 1062 1966 antequam
1111 1884 1336 1966 pocula
1382 1882 1770 1947 exciderunt.

707 2026 813 2091 sed
891 2025 992 2090 uir
1069 2024 1468 2090 doctissimus
1540 2046 1921 2110 quamquam
2001 2027 2067 2091 in
2138 2027 2395 2113 optimis
2462 2027 2845 2093 membranis
2915 2031 2978 2092 et

527 2143 868 2230 archetypo
934 2141 985 2208 Ο
1056 2141 1210 2207 haec
1278 2142 1897 2227 plusquamperfecta
1965 2143 2261 2226 leguntur
2324 2144 2674 2230 perfectum
2743 2143 2974 2226 ubique

521 2260 822 2346 reposuit.
915 2279 1041 2324 non
1096 2264 1226 2326 tam
1284 2258 1500 2324 faciles
1556 2259 1973 2325 correctiones
2031 2261 2304 2326 inueniri
2361 2266 2705 2346 potuerunt
2751 2259 2974 2324 horum

520 2376 983 2462 exemplorum:

588 2517 684 2587 1v,
721 2504 880 2587 8‚-81
921 2531 1001 2586 sq.
1062 2515 1262 2571 indixit
1298 2515 1470 2586 legeS.
1527 2516 1786 2586 respondi
1824 2532 1927 2586 ego
1968 2519 2160 2587 leqibus
2194 2527 2331 2572 utar.

1137 2615 1334 2670 riserat
1368 2614 1597 2685 imperio
1634 2612 1782 2670 facta
1818 2613 2055 2686 superba
2092 2615 2240 2671 dato.

516 2744 558 2809 i.
608 2763 661 2810 e.
755 2750 901 2830 post
944 2743 1161 2809 datum
1202 2744 1538 2830 imperium
1581 2744 1690 2811 sed
1727 2750 1870 2811 ante
1902 2765 2300 2831 responsum,
2347 2752 2567 2812 contra
2614 2742 2816 2811 editor
2861 2743 2969 2809 ille

515 2860 786 2947 pessime
829 2849 976 2927 risit
1019 2874 1104 2927 at.
2541 2873 2546 2878 ·

585 3003 680 3073 lv,
718 3004 770 3072 9,
807 3004 893 3073 27,
931 3005 1016 3058 28.
1078 3002 1245 3058 deuia
1280 3003 1547 3071 puniceae
1587 3002 1843 3057 uelabant
1875 3004 2065 3057 limina
2101 3005 2291 3074 uittae,

846 3111 849 3112 ’
1154 3101 1330 3172 putris
1369 3100 1598 3156 odorato
1635 3101 1851 3156 luxerat
1886 3101 2014 3171 igne
2053 3117 2200 3156 casa.

518 3233 560 3298 i.
597 3252 649 3297 e.
721 3234 866 3297 ante
913 3230 1255 3295 aduentum
1303 3248 1536 3312 meum,
1586 3229 1695 3296 sed
1729 3228 2147 3296 Baehrensius
2196 3250 2336 3296 cum
2373 3228 2635 3295 Heinsio
2685 3233 2848 3295 turia
2881 3265 2966 3273 —

509 3339 629 3414 ‘lux
674 3339 857 3414 erat(
921 3353 1165 3413 restant
1225 3346 1347 3412 duo
1396 3346 1686 3432 exempla
1746 3367 1907 3432 quae
1953 3368 1988 3413 e
2035 3348 2241 3413 medio
2291 3347 2509 3414 tollere
2558 3366 2683 3413 non
2730 3346 2966 3432 potuit:

586 3489 628 3557 1,
670 3490 752 3558 12,
794 3488 891 3542 11:
931 3502 1041 3542 non
1080 3503 1202 3542 sum
1242 3502 1347 3557 ego
1385 3487 1478 3557 qui
1516 3485 1745 3542 fueram.
2926 3458 2931 3463 ³

511 3608 555 3673 i.
590 3628 644 3674 e.
717 3612 1054 3693 antequam
1101 3607 1214 3672 illa
1260 3628 1298 3672 a
1342 3627 1444 3672 me
1491 3576 1847 3673 abalienata
1893 3613 2007 3673 est.

585 3747 683 3818 111,
720 3750 771 3818 8,
816 3749 872 3804 1:
912 3746 1091 3802 dulcis
1129 3746 1198 3802 ad
1238 3746 1522 3802 hesternas
1559 3744 1739 3802 fuerat
1776 3746 1910 3802 mihi
1944 3747 2066 3801 rixa
2103 3748 2397 3817 lucernas‚'

513 3875 619 3941 ubi
680 3874 1068 3958 significatur
1123 3875 1462 3941 dulciorem
1533 3875 1719 3939 etiam
1786 3880 2062 3941 secutam
2130 3895 2268 3942 esse
2327 3876 2620 3960 quietem.
2714 3874 2967 3940 claudat

513 4009 736 4072 agmen
784 3990 993 4057 Ovidii
1042 3992 1397 4078 exemplum
1450 3991 1636 4077 plane
1683 3993 2032 4073 geminum:
2126 3991 2383 4058 Heroid.
2434 3992 2481 4076 Ι,
2530 3994 2648 4059 34:

1154 4132 1260 4188 hac
1296 4132 1416 4187 ibat
1452 4132 1668 4203 Simois,
1707 4132 1812 4187 bac
1850 4138 1935 4187 est
1972 4131 2158 4202 Sigeia
2194 4134 2371 4200 tellus,

1233 4230 1321 4286 hic
1359 4236 1589 4287 steterat
1625 4231 1826 4286 Priami
1863 4232 2020 4301 regia
2057 4232 2204 4285 celsa
2241 4230 2405 4288 senis.
