<?xml version="1.0" encoding="UTF-8"?>
<!DOCTYPE html PUBLIC "-//W3C//DTD XHTML 1.0 Transitional//EN"
    "http://www.w3.org/TR/xhtml1/DTD/xhtml1-transitional.dtd">
<html xmlns="http://www.w3.org/1999/xhtml" xml:lang="en" lang="en">
 <head>
  <title>
</title>
<meta http-equiv="Content-Type" content="text/html;charset=utf-8" />
  <meta name='ocr-system' content='tesseract 3.04.00' />
  <meta name='ocr-capabilities' content='ocr_page ocr_carea ocr_par ocr_line ocrx_word'/>
</head>
<body>
  <div class='ocr_page' id='page_1' title='image "./qustionesproper00brangoog_0025.png"; bbox 0 0 3428 5235; ppageno 0'>
   <div class='ocr_carea' id='block_1_1' title="bbox 1671 302 1755 365">
    <p class='ocr_par' dir='ltr' id='par_1_1' title="bbox 1671 302 1755 365">
     <span class='ocr_line' id='line_1_1' title="bbox 1671 302 1755 365; baseline -0.012 0"><span class='ocrx_word' id='word_1_1' title='bbox 1671 302 1755 365; x_wconf 95' lang='grc'>21</span> 
     </span>
    </p>
   </div>
   <div class='ocr_carea' id='block_1_2' title="bbox 477 476 2940 1865">
    <p class='ocr_par' dir='ltr' id='par_1_2' title="bbox 477 476 2940 1865">
     <span class='ocr_line' id='line_1_2' title="bbox 479 476 2940 563; baseline -0 -18"><span class='ocrx_word' id='word_1_2' title='bbox 479 479 573 562; x_wconf 89' lang='grc' dir='ltr'>ΙΙ,</span> <span class='ocrx_word' id='word_1_3' title='bbox 628 480 708 544; x_wconf 85' lang='grc'>13</span> <span class='ocrx_word' id='word_1_4' title='bbox 757 497 899 555; x_wconf 87' lang='lat' dir='ltr'>cum</span> <span class='ocrx_word' id='word_1_5' title='bbox 949 477 1090 544; x_wconf 91' lang='lat' dir='ltr'>aliis</span> <span class='ocrx_word' id='word_1_6' title='bbox 1139 477 1218 544; x_wconf 86' lang='lat' dir='ltr'>ab</span> <span class='ocrx_word' id='word_1_7' title='bbox 1268 478 1488 544; x_wconf 89' lang='lat' dir='ltr'>amicis</span> <span class='ocrx_word' id='word_1_8' title='bbox 1535 478 1869 544; x_wconf 79' lang='lat' dir='ltr'>editionem</span> <span class='ocrx_word' id='word_1_9' title='bbox 1921 478 2336 562; x_wconf 80' lang='lat' dir='ltr'><strong>posteriorum</strong></span> <span class='ocrx_word' id='word_1_10' title='bbox 2385 477 2576 544; x_wconf 91' lang='lat' dir='ltr'>trium</span> <span class='ocrx_word' id='word_1_11' title='bbox 2625 476 2940 563; x_wconf 77' lang='lat' dir='ltr'>Propertii</span> 
     </span>
     <span class='ocr_line' id='line_1_3' title="bbox 478 594 2940 682; baseline 0 -20"><span class='ocrx_word' id='word_1_12' title='bbox 478 596 785 677; x_wconf 87' lang='lat' dir='ltr'>librorum</span> <span class='ocrx_word' id='word_1_13' title='bbox 835 600 981 680; x_wconf 92' lang='lat' dir='ltr'>post</span> <span class='ocrx_word' id='word_1_14' title='bbox 1025 599 1293 661; x_wconf 89' lang='lat' dir='ltr'>mortem</span> <span class='ocrx_word' id='word_1_15' title='bbox 1342 600 1565 682; x_wconf 74' lang='lat' dir='ltr'>poetae</span> <span class='ocrx_word' id='word_1_16' title='bbox 1611 594 1977 661; x_wconf 78' lang='lat' dir='ltr'>curantibus</span> <span class='ocrx_word' id='word_1_17' title='bbox 2025 595 2091 660; x_wconf 94' lang='lat' dir='ltr'>in</span> <span class='ocrx_word' id='word_1_18' title='bbox 2138 595 2479 661; x_wconf 91' lang='lat' dir='ltr'>secundum</span> <span class='ocrx_word' id='word_1_19' title='bbox 2522 594 2767 661; x_wconf 87' lang='lat' dir='ltr'>illatum</span> <span class='ocrx_word' id='word_1_20' title='bbox 2803 615 2940 662; x_wconf 88' lang='lat' dir='ltr'>esse</span> 
     </span>
     <span class='ocr_line' id='line_1_4' title="bbox 480 711 2939 799; baseline 0 -21"><span class='ocrx_word' id='word_1_21' title='bbox 480 733 562 799; x_wconf 86' lang='lat' dir='ltr'>ex</span> <span class='ocrx_word' id='word_1_22' title='bbox 618 713 806 780; x_wconf 84' lang='lat' dir='ltr'>tertio</span> <span class='ocrx_word' id='word_1_23' title='bbox 861 711 1024 779; x_wconf 93' lang='lat' dir='ltr'>libro</span> <span class='ocrx_word' id='word_1_24' title='bbox 1070 712 1410 779; x_wconf 78' lang='lat' dir='ltr'>contendit.</span> <span class='ocrx_word' id='word_1_25' title='bbox 1473 712 1637 797; x_wconf 93' lang='lat' dir='ltr'>quod</span> <span class='ocrx_word' id='word_1_26' title='bbox 1684 713 1775 779; x_wconf 89' lang='lat' dir='ltr'>ita</span> <span class='ocrx_word' id='word_1_27' title='bbox 1823 712 2093 797; x_wconf 87' lang='lat' dir='ltr'>probare</span> <span class='ocrx_word' id='word_1_28' title='bbox 2141 720 2403 778; x_wconf 91' lang='lat' dir='ltr'>conatur</span> <span class='ocrx_word' id='word_1_29' title='bbox 2445 718 2521 777; x_wconf 86' lang='lat' dir='ltr'>ut</span> <span class='ocrx_word' id='word_1_30' title='bbox 2567 711 2755 778; x_wconf 88' lang='lat' dir='ltr'>huius</span> <span class='ocrx_word' id='word_1_31' title='bbox 2804 716 2939 778; x_wconf 92' lang='lat' dir='ltr'>tur-</span> 
     </span>
     <span class='ocr_line' id='line_1_5' title="bbox 486 827 2939 915; baseline -0.001 -18"><span class='ocrx_word' id='word_1_32' title='bbox 486 829 758 897; x_wconf 90' lang='lat' dir='ltr'>bationis</span> <span class='ocrx_word' id='word_1_33' title='bbox 805 829 1076 912; x_wconf 89' lang='lat' dir='ltr'>uestigia</span> <span class='ocrx_word' id='word_1_34' title='bbox 1123 828 1433 895; x_wconf 90' lang='lat' dir='ltr'>ostendat.</span> <span class='ocrx_word' id='word_1_35' title='bbox 1481 829 1757 915; x_wconf 91' lang='lat' dir='ltr'>primum</span> <span class='ocrx_word' id='word_1_36' title='bbox 1799 829 1966 896; x_wconf 92' lang='lat' dir='ltr'>enim</span> <span class='ocrx_word' id='word_1_37' title='bbox 1999 849 2247 895; x_wconf 88' lang='lat' dir='ltr'>carmen</span> <span class='ocrx_word' id='word_1_38' title='bbox 2287 831 2387 894; x_wconf 95' lang='grc'>12.</span> <span class='ocrx_word' id='word_1_39' title='bbox 2421 833 2616 894; x_wconf 86' lang='lat' dir='ltr'>totam</span> <span class='ocrx_word' id='word_1_40' title='bbox 2650 827 2762 894; x_wconf 92' lang='lat' dir='ltr'>illa</span> <span class='ocrx_word' id='word_1_41' title='bbox 2790 827 2939 895; x_wconf 86' lang='lat' dir='ltr'>libri</span> 
     </span>
     <span class='ocr_line' id='line_1_6' title="bbox 481 920 2940 1032; baseline -0.001 -19"><span class='ocrx_word' id='word_1_42' title='bbox 481 945 740 1014; x_wconf 87' lang='lat' dir='ltr'>secundi</span> <span class='ocrx_word' id='word_1_43' title='bbox 795 951 976 1032; x_wconf 90' lang='lat' dir='ltr'>parte</span> <span class='ocrx_word' id='word_1_44' title='bbox 1031 920 1352 1011; x_wconf 81' lang='lat' dir='ltr'>narratam</span> <span class='ocrx_word' id='word_1_45' title='bbox 1402 946 1635 1012; x_wconf 91' lang='lat' dir='ltr'>amoris</span> <span class='ocrx_word' id='word_1_46' title='bbox 1681 944 1962 1012; x_wconf 86' lang='lat' dir='ltr'>fabulam</span> <span class='ocrx_word' id='word_1_47' title='bbox 2009 946 2489 1032; x_wconf 88' lang='lat' dir='ltr'>interrumpere.</span> <span class='ocrx_word' id='word_1_48' title='bbox 2548 944 2655 1010; x_wconf 90' lang='lat' dir='ltr'>sed</span> <span class='ocrx_word' id='word_1_49' title='bbox 2703 944 2780 1011; x_wconf 94' lang='lat' dir='ltr'>de</span> <span class='ocrx_word' id='word_1_50' title='bbox 2825 944 2940 1011; x_wconf 92' lang='lat' dir='ltr'>illa</span> 
     </span>
     <span class='ocr_line' id='line_1_7' title="bbox 484 1059 2936 1152; baseline -0 -23"><span class='ocrx_word' id='word_1_51' title='bbox 484 1062 718 1129; x_wconf 86' lang='lat' dir='ltr'>amoris</span> <span class='ocrx_word' id='word_1_52' title='bbox 770 1061 986 1128; x_wconf 87' lang='lat' dir='ltr'>fabula</span> <span class='ocrx_word' id='word_1_53' title='bbox 1047 1059 1138 1127; x_wconf 91' lang='lat' dir='ltr'>nil</span> <span class='ocrx_word' id='word_1_54' title='bbox 1194 1067 1459 1130; x_wconf 90' lang='lat' dir='ltr'>constat.</span> <span class='ocrx_word' id='word_1_55' title='bbox 1520 1062 1745 1129; x_wconf 90' lang='lat' dir='ltr'>deinde</span> <span class='ocrx_word' id='word_1_56' title='bbox 1802 1061 1920 1147; x_wconf 87' lang='lat' dir='ltr'>IX,</span> <span class='ocrx_word' id='word_1_57' title='bbox 1979 1063 2265 1152; x_wconf 80' lang='lat'>41—52</span> <span class='ocrx_word' id='word_1_58' title='bbox 2314 1067 2380 1128; x_wconf 91' lang='lat' dir='ltr'>et</span> <span class='ocrx_word' id='word_1_59' title='bbox 2423 1060 2605 1146; x_wconf 83' lang='lat' dir='ltr'>XIII,</span> <span class='ocrx_word' id='word_1_60' title='bbox 2653 1063 2936 1128; x_wconf 82' lang='lat'>43—-58</span> 
     </span>
     <span class='ocr_line' id='line_1_8' title="bbox 478 1177 2937 1271; baseline -0.001 -25"><span class='ocrx_word' id='word_1_61' title='bbox 478 1200 669 1271; x_wconf 80' lang='lat' dir='ltr'>unam</span> <span class='ocrx_word' id='word_1_62' title='bbox 704 1178 969 1262; x_wconf 83' lang='lat' dir='ltr'>elegiam</span> <span class='ocrx_word' id='word_1_63' title='bbox 999 1178 1216 1245; x_wconf 89' lang='lat' dir='ltr'>fuisse.</span> <span class='ocrx_word' id='word_1_64' title='bbox 1264 1184 1330 1244; x_wconf 87' lang='lat' dir='ltr'>at</span> <span class='ocrx_word' id='word_1_65' title='bbox 1361 1178 1580 1263; x_wconf 89' lang='lat' dir='ltr'>quidni</span> <span class='ocrx_word' id='word_1_66' title='bbox 1612 1184 1800 1267; x_wconf 66' lang='lat' dir='ltr'>poeta</span> <span class='ocrx_word' id='word_1_67' title='bbox 1831 1180 1898 1245; x_wconf 93' lang='lat' dir='ltr'>in</span> <span class='ocrx_word' id='word_1_68' title='bbox 1931 1198 1983 1246; x_wconf 91' lang='lat' dir='ltr'>c.</span> <span class='ocrx_word' id='word_1_69' title='bbox 2011 1182 2051 1245; x_wconf 88' lang='lat'>9</span> <span class='ocrx_word' id='word_1_70' title='bbox 2088 1184 2229 1264; x_wconf 89' lang='lat' dir='ltr'>post</span> <span class='ocrx_word' id='word_1_71' title='bbox 2261 1178 2591 1262; x_wconf 88' lang='lat' dir='ltr'>scelestam</span> <span class='ocrx_word' id='word_1_72' title='bbox 2630 1177 2937 1264; x_wconf 86' lang='lat' dir='ltr'>Cynthiae</span> 
     </span>
     <span class='ocr_line' id='line_1_9' title="bbox 479 1293 2936 1382; baseline -0.002 -18"><span class='ocrx_word' id='word_1_73' title='bbox 479 1295 807 1382; x_wconf 90' lang='lat' dir='ltr'>perfidiam</span> <span class='ocrx_word' id='word_1_74' title='bbox 862 1295 1235 1361; x_wconf 90' lang='lat' dir='ltr'>fidissimum</span> <span class='ocrx_word' id='word_1_75' title='bbox 1293 1316 1476 1362; x_wconf 88' lang='lat' dir='ltr'>suum</span> <span class='ocrx_word' id='word_1_76' title='bbox 1533 1296 1813 1362; x_wconf 85' lang='lat' dir='ltr'>animum</span> <span class='ocrx_word' id='word_1_77' title='bbox 1875 1297 2212 1382; x_wconf 85' lang='lat' dir='ltr'>depingere</span> <span class='ocrx_word' id='word_1_78' title='bbox 2268 1295 2514 1382; x_wconf 80' lang='lat' dir='ltr'>potuit?</span> <span class='ocrx_word' id='word_1_79' title='bbox 2574 1294 2737 1379; x_wconf 89' lang='lat' dir='ltr'>quod</span> <span class='ocrx_word' id='word_1_80' title='bbox 2800 1293 2936 1360; x_wconf 90' lang='lat' dir='ltr'>fieri</span> 
     </span>
     <span class='ocr_line' id='line_1_10' title="bbox 477 1410 2935 1500; baseline -0.001 -22"><span class='ocrx_word' id='word_1_81' title='bbox 477 1414 760 1500; x_wconf 91' lang='lat' dir='ltr'>potuisse</span> <span class='ocrx_word' id='word_1_82' title='bbox 804 1413 941 1500; x_wconf 92' lang='lat' dir='ltr'>ipse</span> <span class='ocrx_word' id='word_1_83' title='bbox 974 1411 1412 1479; x_wconf 89' lang='lat' dir='ltr'>Lachmannus</span> <span class='ocrx_word' id='word_1_84' title='bbox 1459 1414 1524 1478; x_wconf 92' lang='lat' dir='ltr'>in</span> <span class='ocrx_word' id='word_1_85' title='bbox 1571 1413 1844 1480; x_wconf 91' lang='lat' dir='ltr'>editione</span> <span class='ocrx_word' id='word_1_86' title='bbox 1876 1412 2270 1479; x_wconf 89' lang='lat' dir='ltr'>Berolinensi</span> <span class='ocrx_word' id='word_1_87' title='bbox 2303 1410 2604 1478; x_wconf 91' lang='lat' dir='ltr'>concedit.</span> <span class='ocrx_word' id='word_1_88' title='bbox 2657 1416 2787 1476; x_wconf 88' lang='lat' dir='ltr'>tum</span> <span class='ocrx_word' id='word_1_89' title='bbox 2829 1413 2935 1494; x_wconf 89' lang='lat'>13,</span> 
     </span>
     <span class='ocr_line' id='line_1_11' title="bbox 477 1530 2931 1616; baseline -0.002 -20"><span class='ocrx_word' id='word_1_90' title='bbox 477 1531 745 1597; x_wconf 85' lang='lat'>43—58</span> <span class='ocrx_word' id='word_1_91' title='bbox 791 1549 995 1614; x_wconf 92' lang='lat' dir='ltr'>neque</span> <span class='ocrx_word' id='word_1_92' title='bbox 1041 1549 1181 1596; x_wconf 89' lang='lat' dir='ltr'>cum</span> <span class='ocrx_word' id='word_1_93' title='bbox 1230 1530 1508 1616; x_wconf 89' lang='lat' dir='ltr'>Hauptio</span> <span class='ocrx_word' id='word_1_94' title='bbox 1555 1535 1626 1595; x_wconf 93' lang='lat' dir='ltr'>ut</span> <span class='ocrx_word' id='word_1_95' title='bbox 1670 1551 1863 1596; x_wconf 91' lang='lat' dir='ltr'>unum</span> <span class='ocrx_word' id='word_1_96' title='bbox 1912 1531 2229 1613; x_wconf 92' lang='lat' dir='ltr'>integrum</span> <span class='ocrx_word' id='word_1_97' title='bbox 2270 1548 2522 1595; x_wconf 85' lang='lat' dir='ltr'>carmen</span> <span class='ocrx_word' id='word_1_98' title='bbox 2554 1548 2758 1613; x_wconf 91' lang='lat' dir='ltr'>neque</span> <span class='ocrx_word' id='word_1_99' title='bbox 2791 1547 2931 1593; x_wconf 91' lang='lat' dir='ltr'>cum</span> 
     </span>
     <span class='ocr_line' id='line_1_12' title="bbox 478 1645 2933 1733; baseline -0.002 -18"><span class='ocrx_word' id='word_1_100' title='bbox 478 1648 894 1731; x_wconf 87' lang='lat' dir='ltr'>Hertzbergio</span> <span class='ocrx_word' id='word_1_101' title='bbox 942 1654 1086 1733; x_wconf 92' lang='lat' dir='ltr'>post</span> <span class='ocrx_word' id='word_1_102' title='bbox 1133 1650 1206 1731; x_wconf 87' lang='lat'>9,</span> <span class='ocrx_word' id='word_1_103' title='bbox 1260 1647 1526 1714; x_wconf 79' lang='lat'>41—52</span> <span class='ocrx_word' id='word_1_104' title='bbox 1577 1647 1726 1733; x_wconf 91' lang='lat' dir='ltr'>poni</span> <span class='ocrx_word' id='word_1_105' title='bbox 1774 1667 1976 1732; x_wconf 93' lang='lat' dir='ltr'>neque</span> <span class='ocrx_word' id='word_1_106' title='bbox 2024 1645 2277 1712; x_wconf 89' lang='lat' dir='ltr'>omnino</span> <span class='ocrx_word' id='word_1_107' title='bbox 2327 1667 2365 1712; x_wconf 92' lang='lat' dir='ltr'>a</span> <span class='ocrx_word' id='word_1_108' title='bbox 2409 1645 2933 1732; x_wconf 84' lang='lat' dir='ltr'>praecedentibus</span> 
     </span>
     <span class='ocr_line' id='line_1_13' title="bbox 478 1763 2788 1865; baseline -0.001 -34"><span class='ocrx_word' id='word_1_109' title='bbox 478 1765 768 1832; x_wconf 91' lang='lat' dir='ltr'>uersibus</span> <span class='ocrx_word' id='word_1_110' title='bbox 815 1765 1056 1832; x_wconf 86' lang='lat' dir='ltr'>secerni</span> <span class='ocrx_word' id='word_1_111' title='bbox 1104 1763 1337 1831; x_wconf 91' lang='lat' dir='ltr'>debuit.</span> <span class='ocrx_word' id='word_1_112' title='bbox 1388 1785 1569 1830; x_wconf 92' lang='lat' dir='ltr'>nemo</span> <span class='ocrx_word' id='word_1_113' title='bbox 1619 1765 1786 1831; x_wconf 91' lang='lat' dir='ltr'>enim</span> <span class='ocrx_word' id='word_1_114' title='bbox 1837 1763 2180 1865; x_wconf 82' lang='lat' dir='ltr'>explicabit</span> <span class='ocrx_word' id='word_1_115' title='bbox 2226 1784 2479 1830; x_wconf 89' lang='lat' dir='ltr'>uersum</span> <span class='ocrx_word' id='word_1_116' title='bbox 2535 1766 2635 1848; x_wconf 86' lang='lat'>13,</span> <span class='ocrx_word' id='word_1_117' title='bbox 2670 1765 2788 1830; x_wconf 78' lang='lat'>51:</span> 
     </span>
    </p>
   </div>
   <div class='ocr_carea' id='block_1_3' title="bbox 1009 1903 2410 1975">
    <p class='ocr_par' dir='ltr' id='par_1_3' title="bbox 1009 1903 2410 1975">
     <span class='ocr_line' id='line_1_14' title="bbox 1009 1903 2410 1975; baseline 0 -17"><span class='ocrx_word' id='word_1_118' title='bbox 1009 1909 1071 1959; x_wconf 89' lang='lat' dir='ltr'>tu</span> <span class='ocrx_word' id='word_1_119' title='bbox 1108 1908 1295 1960; x_wconf 85' lang='lat' dir='ltr'>tamen</span> <span class='ocrx_word' id='word_1_120' title='bbox 1332 1905 1534 1959; x_wconf 86' lang='lat' dir='ltr'>amisso</span> <span class='ocrx_word' id='word_1_121' title='bbox 1572 1919 1982 1975; x_wconf 85' lang='lat' dir='ltr'>nonnumquam</span> <span class='ocrx_word' id='word_1_122' title='bbox 2020 1903 2176 1959; x_wconf 89' lang='lat' dir='ltr'>flebis</span> <span class='ocrx_word' id='word_1_123' title='bbox 2216 1903 2410 1972; x_wconf 83' lang='lat' dir='ltr'>amicO,</span> 
     </span>
    </p>
   </div>
   <div class='ocr_carea' id='block_1_4' title="bbox 474 2030 2934 3032">
    <p class='ocr_par' dir='ltr' id='par_1_4' title="bbox 476 2030 2934 2819">
     <span class='ocr_line' id='line_1_15' title="bbox 494 2030 2933 2116; baseline -0.001 -18"><span class='ocrx_word' id='word_1_124' title='bbox 494 2033 599 2116; x_wconf 89' lang='lat' dir='ltr'>qui</span> <span class='ocrx_word' id='word_1_125' title='bbox 650 2033 769 2099; x_wconf 93' lang='lat' dir='ltr'>nisi</span> <span class='ocrx_word' id='word_1_126' title='bbox 812 2030 1212 2116; x_wconf 88' lang='lat' dir='ltr'>Propertium</span> <span class='ocrx_word' id='word_1_127' title='bbox 1269 2032 1586 2098; x_wconf 90' lang='lat' dir='ltr'>obiturum</span> <span class='ocrx_word' id='word_1_128' title='bbox 1636 2051 1773 2097; x_wconf 86' lang='lat' dir='ltr'>esse</span> <span class='ocrx_word' id='word_1_129' title='bbox 1821 2036 2006 2097; x_wconf 88' lang='lat' dir='ltr'>antea</span> <span class='ocrx_word' id='word_1_130' title='bbox 2053 2031 2291 2097; x_wconf 89' lang='lat' dir='ltr'>dictum</span> <span class='ocrx_word' id='word_1_131' title='bbox 2340 2035 2480 2096; x_wconf 90' lang='lat' dir='ltr'>erat</span> <span class='ocrx_word' id='word_1_132' title='bbox 2524 2051 2651 2097; x_wconf 94' lang='lat' dir='ltr'>non</span> <span class='ocrx_word' id='word_1_133' title='bbox 2697 2031 2933 2098; x_wconf 91' lang='lat' dir='ltr'>intelli-</span> 
     </span>
     <span class='ocr_line' id='line_1_16' title="bbox 486 2148 2932 2235; baseline 0 -21"><span class='ocrx_word' id='word_1_134' title='bbox 486 2150 670 2232; x_wconf 89' lang='lat' dir='ltr'>gitur.</span> <span class='ocrx_word' id='word_1_135' title='bbox 720 2169 845 2215; x_wconf 91' lang='lat' dir='ltr'>non</span> <span class='ocrx_word' id='word_1_136' title='bbox 896 2148 1092 2214; x_wconf 93' lang='lat' dir='ltr'>multo</span> <span class='ocrx_word' id='word_1_137' title='bbox 1134 2149 1212 2215; x_wconf 89' lang='lat' dir='ltr'>ab</span> <span class='ocrx_word' id='word_1_138' title='bbox 1246 2150 1363 2215; x_wconf 88' lang='lat' dir='ltr'>hac</span> <span class='ocrx_word' id='word_1_139' title='bbox 1394 2148 1686 2235; x_wconf 89' lang='lat' dir='ltr'>opinione</span> <span class='ocrx_word' id='word_1_140' title='bbox 1720 2148 2048 2214; x_wconf 91' lang='lat' dir='ltr'>nouissimi</span> <span class='ocrx_word' id='word_1_141' title='bbox 2082 2148 2340 2214; x_wconf 86' lang='lat' dir='ltr'>editoris</span> <span class='ocrx_word' id='word_1_142' title='bbox 2372 2149 2686 2214; x_wconf 88' lang='lat' dir='ltr'>sententia</span> <span class='ocrx_word' id='word_1_143' title='bbox 2718 2148 2932 2232; x_wconf 84' lang='lat' dir='ltr'>distat,</span> 
     </span>
     <span class='ocr_line' id='line_1_17' title="bbox 482 2264 2931 2349; baseline 0 -19"><span class='ocrx_word' id='word_1_144' title='bbox 482 2265 585 2348; x_wconf 93' lang='lat' dir='ltr'>qui</span> <span class='ocrx_word' id='word_1_145' title='bbox 619 2265 852 2348; x_wconf 82' lang='lat' dir='ltr'>elegias</span> <span class='ocrx_word' id='word_1_146' title='bbox 884 2264 960 2348; x_wconf 82' lang='grc' dir='ltr'>ΙΙ,</span> <span class='ocrx_word' id='word_1_147' title='bbox 991 2265 1200 2349; x_wconf 87' lang='lat'><strong>7—11,</strong></span> <span class='ocrx_word' id='word_1_148' title='bbox 1233 2267 1311 2331; x_wconf 87' lang='lat'>13</span> <span class='ocrx_word' id='word_1_149' title='bbox 1346 2285 1425 2331; x_wconf 83' lang='lat' dir='ltr'>ex</span> <span class='ocrx_word' id='word_1_150' title='bbox 1449 2265 1634 2331; x_wconf 92' lang='lat' dir='ltr'>tertio</span> <span class='ocrx_word' id='word_1_151' title='bbox 1658 2264 1820 2331; x_wconf 89' lang='lat' dir='ltr'>libro</span> <span class='ocrx_word' id='word_1_152' title='bbox 1846 2265 1967 2330; x_wconf 91' lang='lat' dir='ltr'>huc</span> <span class='ocrx_word' id='word_1_153' title='bbox 1990 2265 2261 2330; x_wconf 89' lang='lat' dir='ltr'>insertas</span> <span class='ocrx_word' id='word_1_154' title='bbox 2287 2284 2424 2330; x_wconf 89' lang='lat' dir='ltr'>esse</span> <span class='ocrx_word' id='word_1_155' title='bbox 2450 2265 2791 2332; x_wconf 87' lang='lat' dir='ltr'>arbitratus</span> <span class='ocrx_word' id='word_1_156' title='bbox 2817 2271 2931 2331; x_wconf 91' lang='lat' dir='ltr'>est.</span> 
     </span>
     <span class='ocr_line' id='line_1_18' title="bbox 479 2381 2933 2466; baseline -0 -19"><span class='ocrx_word' id='word_1_157' title='bbox 479 2382 589 2447; x_wconf 92' lang='lat' dir='ltr'>sed</span> <span class='ocrx_word' id='word_1_158' title='bbox 644 2382 814 2447; x_wconf 89' lang='lat' dir='ltr'>illius</span> <span class='ocrx_word' id='word_1_159' title='bbox 871 2381 1359 2466; x_wconf 90' lang='lat' dir='ltr'>disputationem</span> <span class='ocrx_word' id='word_1_160' title='bbox 1407 2382 1685 2448; x_wconf 83' lang='lat' dir='ltr'>refutare</span> <span class='ocrx_word' id='word_1_161' title='bbox 1733 2381 1985 2465; x_wconf 92' lang='lat' dir='ltr'>longum</span> <span class='ocrx_word' id='word_1_162' title='bbox 2037 2386 2153 2446; x_wconf 89' lang='lat' dir='ltr'>est.</span> <span class='ocrx_word' id='word_1_163' title='bbox 2224 2386 2393 2447; x_wconf 90' lang='lat' dir='ltr'>certe</span> <span class='ocrx_word' id='word_1_164' title='bbox 2437 2387 2660 2447; x_wconf 88' lang='lat' dir='ltr'>neuter</span> <span class='ocrx_word' id='word_1_165' title='bbox 2709 2381 2933 2448; x_wconf 90' lang='lat' dir='ltr'>horum</span> 
     </span>
     <span class='ocr_line' id='line_1_19' title="bbox 480 2497 2934 2584; baseline 0 -22"><span class='ocrx_word' id='word_1_166' title='bbox 480 2498 763 2563; x_wconf 89' lang='lat' dir='ltr'>uirorum</span> <span class='ocrx_word' id='word_1_167' title='bbox 814 2497 1137 2565; x_wconf 89' lang='lat' dir='ltr'>doctorum</span> <span class='ocrx_word' id='word_1_168' title='bbox 1187 2498 1265 2565; x_wconf 93' lang='lat' dir='ltr'>de</span> <span class='ocrx_word' id='word_1_169' title='bbox 1312 2499 1667 2564; x_wconf 89' lang='lat' dir='ltr'>turbatione</span> <span class='ocrx_word' id='word_1_170' title='bbox 1713 2498 1823 2563; x_wconf 91' lang='lat' dir='ltr'>illa</span> <span class='ocrx_word' id='word_1_171' title='bbox 1852 2498 2154 2563; x_wconf 91' lang='lat' dir='ltr'>librorum</span> <span class='ocrx_word' id='word_1_172' title='bbox 2190 2497 2422 2580; x_wconf 88' lang='lat' dir='ltr'>aliquid</span> <span class='ocrx_word' id='word_1_173' title='bbox 2455 2497 2934 2584; x_wconf 88' lang='lat' dir='ltr'>demonstrauit,</span> 
     </span>
     <span class='ocr_line' id='line_1_20' title="bbox 476 2613 2933 2701; baseline 0 -20"><span class='ocrx_word' id='word_1_174' title='bbox 476 2635 683 2700; x_wconf 90' lang='lat' dir='ltr'>neque</span> <span class='ocrx_word' id='word_1_175' title='bbox 730 2617 1059 2701; x_wconf 87' lang='lat' dir='ltr'>quisquam</span> <span class='ocrx_word' id='word_1_176' title='bbox 1106 2614 1495 2683; x_wconf 87' lang='lat' dir='ltr'>Lachmanni</span> <span class='ocrx_word' id='word_1_177' title='bbox 1544 2636 1703 2701; x_wconf 87' lang='lat' dir='ltr'>quae</span> <span class='ocrx_word' id='word_1_178' title='bbox 1752 2621 1849 2681; x_wconf 92' lang='lat' dir='ltr'>est</span> <span class='ocrx_word' id='word_1_179' title='bbox 1893 2615 1971 2681; x_wconf 92' lang='lat' dir='ltr'>de</span> <span class='ocrx_word' id='word_1_180' title='bbox 2018 2614 2263 2681; x_wconf 88' lang='lat' dir='ltr'>decima</span> <span class='ocrx_word' id='word_1_181' title='bbox 2309 2613 2511 2697; x_wconf 89' lang='lat' dir='ltr'>elegia</span> <span class='ocrx_word' id='word_1_182' title='bbox 2556 2613 2933 2681; x_wconf 88' lang='lat' dir='ltr'>sententiam</span> 
     </span>
     <span class='ocr_line' id='line_1_21' title="bbox 476 2728 2930 2819; baseline 0.001 -22"><span class='ocrx_word' id='word_1_183' title='bbox 476 2730 802 2816; x_wconf 88' lang='lat' dir='ltr'>refutauit,</span> <span class='ocrx_word' id='word_1_184' title='bbox 849 2734 1013 2817; x_wconf 89' lang='lat' dir='ltr'>quod</span> <span class='ocrx_word' id='word_1_185' title='bbox 1061 2734 1185 2799; x_wconf 91' lang='lat' dir='ltr'>nisi</span> <span class='ocrx_word' id='word_1_186' title='bbox 1231 2734 1468 2799; x_wconf 86' lang='lat' dir='ltr'>factum</span> <span class='ocrx_word' id='word_1_187' title='bbox 1515 2740 1632 2817; x_wconf 91' lang='lat' dir='ltr'>est,</span> <span class='ocrx_word' id='word_1_188' title='bbox 1689 2734 1911 2798; x_wconf 90' lang='lat' dir='ltr'>inanes</span> <span class='ocrx_word' id='word_1_189' title='bbox 1959 2737 2108 2799; x_wconf 87' lang='lat' dir='ltr'>sunt</span> <span class='ocrx_word' id='word_1_190' title='bbox 2152 2732 2403 2798; x_wconf 93' lang='lat' dir='ltr'>illorum</span> <span class='ocrx_word' id='word_1_191' title='bbox 2453 2728 2930 2819; x_wconf 87' lang='lat' dir='ltr'>disputationes.</span> 
     </span>
    </p>

    <p class='ocr_par' dir='ltr' id='par_1_5' title="bbox 474 2848 2933 3032">
     <span class='ocr_line' id='line_1_22' title="bbox 658 2848 2933 2935; baseline 0 -22"><span class='ocrx_word' id='word_1_192' title='bbox 658 2853 786 2914; x_wconf 89' lang='lat' dir='ltr'>stat</span> <span class='ocrx_word' id='word_1_193' title='bbox 851 2851 1044 2931; x_wconf 91' lang='lat' dir='ltr'>igitur</span> <span class='ocrx_word' id='word_1_194' title='bbox 1095 2848 1485 2916; x_wconf 88' lang='lat' dir='ltr'>Lachmanni</span> <span class='ocrx_word' id='word_1_195' title='bbox 1554 2851 1714 2916; x_wconf 91' lang='lat' dir='ltr'>ratio</span> <span class='ocrx_word' id='word_1_196' title='bbox 1787 2870 2166 2935; x_wconf 88' lang='lat' dir='ltr'>quamquam</span> <span class='ocrx_word' id='word_1_197' title='bbox 2238 2849 2659 2935; x_wconf 78' lang='lat' dir='ltr'>suspicionem</span> <span class='ocrx_word' id='word_1_198' title='bbox 2717 2848 2933 2915; x_wconf 88' lang='lat' dir='ltr'>Heim·</span> 
     </span>
     <span class='ocr_line' id='line_1_23' title="bbox 474 2963 1011 3032; baseline 0.006 -3"><span class='ocrx_word' id='word_1_199' title='bbox 474 2963 749 3030; x_wconf 87' lang='lat' dir='ltr'>reichius</span> <span class='ocrx_word' id='word_1_200' title='bbox 793 2966 1011 3032; x_wconf 91' lang='lat' dir='ltr'>mouit.</span> 
     </span>
    </p>
   </div>
   <div class='ocr_carea' id='block_1_5' title="bbox 1674 3252 1738 3317">
    <p class='ocr_par' dir='ltr' id='par_1_6' title="bbox 1674 3252 1738 3317">
     <span class='ocr_line' id='line_1_24' title="bbox 1674 3252 1738 3317; baseline -0.031 0"><span class='ocrx_word' id='word_1_201' title='bbox 1674 3252 1738 3317; x_wconf 83' lang='lat'>2.</span> 
     </span>
    </p>
   </div>
   <div class='ocr_carea' id='block_1_6' title="bbox 458 3392 2933 4648">
    <p class='ocr_par' dir='ltr' id='par_1_7' title="bbox 478 3392 2933 3583">
     <span class='ocr_line' id='line_1_25' title="bbox 662 3392 2933 3480; baseline 0.001 -21"><span class='ocrx_word' id='word_1_202' title='bbox 662 3393 770 3460; x_wconf 91' lang='lat' dir='ltr'>sed</span> <span class='ocrx_word' id='word_1_203' title='bbox 819 3414 932 3477; x_wconf 90' lang='lat' dir='ltr'>ego</span> <span class='ocrx_word' id='word_1_204' title='bbox 982 3394 1170 3461; x_wconf 88' lang='lat' dir='ltr'>aliam</span> <span class='ocrx_word' id='word_1_205' title='bbox 1218 3396 1385 3461; x_wconf 89' lang='lat' dir='ltr'>uiam</span> <span class='ocrx_word' id='word_1_206' title='bbox 1422 3395 1746 3480; x_wconf 88' lang='lat' dir='ltr'>ingressus</span> <span class='ocrx_word' id='word_1_207' title='bbox 1782 3415 1939 3460; x_wconf 89' lang='lat' dir='ltr'>sum.</span> <span class='ocrx_word' id='word_1_208' title='bbox 1990 3394 2263 3480; x_wconf 90' lang='lat' dir='ltr'>primum</span> <span class='ocrx_word' id='word_1_209' title='bbox 2300 3394 2463 3460; x_wconf 91' lang='lat' dir='ltr'>enim</span> <span class='ocrx_word' id='word_1_210' title='bbox 2497 3393 2825 3461; x_wconf 90' lang='lat' dir='ltr'>uideamus</span> <span class='ocrx_word' id='word_1_211' title='bbox 2856 3392 2933 3461; x_wconf 93' lang='lat' dir='ltr'>de</span> 
     </span>
     <span class='ocr_line' id='line_1_26' title="bbox 478 3509 842 3583; baseline 0.008 -9"><span class='ocrx_word' id='word_1_212' title='bbox 478 3509 842 3583; x_wconf 68' lang='lat' dir='ltr'>defectibus</span> 
     </span>
    </p>

    <p class='ocr_par' dir='ltr' id='par_1_8' title="bbox 458 3627 2933 4648">
     <span class='ocr_line' id='line_1_27' title="bbox 658 3627 2930 3713; baseline 0 -20"><span class='ocrx_word' id='word_1_213' title='bbox 658 3633 845 3713; x_wconf 89' lang='lat' dir='ltr'>atque</span> <span class='ocrx_word' id='word_1_214' title='bbox 891 3630 955 3694; x_wconf 95' lang='lat' dir='ltr'>in</span> <span class='ocrx_word' id='word_1_215' title='bbox 1005 3632 1183 3694; x_wconf 80' lang='lat' dir='ltr'>sexto</span> <span class='ocrx_word' id='word_1_216' title='bbox 1231 3629 1507 3694; x_wconf 88' lang='lat' dir='ltr'>carmine</span> <span class='ocrx_word' id='word_1_217' title='bbox 1556 3627 1812 3693; x_wconf 89' lang='lat' dir='ltr'>secundi</span> <span class='ocrx_word' id='word_1_218' title='bbox 1856 3627 2002 3694; x_wconf 92' lang='lat' dir='ltr'>libri</span> <span class='ocrx_word' id='word_1_219' title='bbox 2050 3632 2236 3713; x_wconf 69' lang='lat' dir='ltr'>poeta</span> <span class='ocrx_word' id='word_1_220' title='bbox 2283 3647 2319 3692; x_wconf 87' lang='lat' dir='ltr'>a</span> <span class='ocrx_word' id='word_1_221' title='bbox 2349 3648 2410 3692; x_wconf 93' lang='lat' dir='ltr'>u.</span> <span class='ocrx_word' id='word_1_222' title='bbox 2451 3630 2483 3692; x_wconf 94' lang='lat'>1</span> <span class='ocrx_word' id='word_1_223' title='bbox 2534 3647 2731 3711; x_wconf 89' lang='lat' dir='ltr'>usque</span> <span class='ocrx_word' id='word_1_224' title='bbox 2778 3627 2858 3693; x_wconf 91' lang='lat' dir='ltr'>ad</span> <span class='ocrx_word' id='word_1_225' title='bbox 2892 3631 2930 3695; x_wconf 88' lang='lat'>8</span> 
     </span>
     <span class='ocr_line' id='line_1_28' title="bbox 477 3725 2931 3831; baseline 0.001 -23"><span class='ocrx_word' id='word_1_226' title='bbox 477 3744 726 3810; x_wconf 83' lang='lat' dir='ltr'>turbam</span> <span class='ocrx_word' id='word_1_227' title='bbox 787 3749 1137 3811; x_wconf 87' lang='lat' dir='ltr'>amatorum</span> <span class='ocrx_word' id='word_1_228' title='bbox 1188 3745 1495 3831; x_wconf 88' lang='lat' dir='ltr'>Cynthiae</span> <span class='ocrx_word' id='word_1_229' title='bbox 1552 3725 1879 3829; x_wconf 83' lang='lat' dir='ltr'>describit,</span> <span class='ocrx_word' id='word_1_230' title='bbox 1938 3765 1975 3811; x_wconf 86' lang='lat' dir='ltr'>a</span> <span class='ocrx_word' id='word_1_231' title='bbox 2021 3766 2081 3811; x_wconf 93' lang='lat' dir='ltr'>u.</span> <span class='ocrx_word' id='word_1_232' title='bbox 2118 3749 2157 3812; x_wconf 81' lang='lat'>9</span> <span class='ocrx_word' id='word_1_233' title='bbox 2206 3765 2403 3830; x_wconf 91' lang='lat' dir='ltr'>usque</span> <span class='ocrx_word' id='word_1_234' title='bbox 2450 3745 2528 3810; x_wconf 90' lang='lat' dir='ltr'>ad</span> <span class='ocrx_word' id='word_1_235' title='bbox 2581 3747 2663 3810; x_wconf 90' lang='lat'>14</span> <span class='ocrx_word' id='word_1_236' title='bbox 2710 3746 2931 3811; x_wconf 80' lang='lat' dir='ltr'>anxias</span> 
     </span>
     <span class='ocr_line' id='line_1_29' title="bbox 478 3861 2933 3950; baseline 0.001 -25"><span class='ocrx_word' id='word_1_237' title='bbox 478 3880 624 3926; x_wconf 90' lang='lat' dir='ltr'>suas</span> <span class='ocrx_word' id='word_1_238' title='bbox 671 3862 1090 3947; x_wconf 87' lang='lat' dir='ltr'>suspiciones,</span> <span class='ocrx_word' id='word_1_239' title='bbox 1152 3867 1221 3927; x_wconf 92' lang='lat' dir='ltr'>ut</span> <span class='ocrx_word' id='word_1_240' title='bbox 1265 3862 1412 3928; x_wconf 93' lang='lat' dir='ltr'>inde</span> <span class='ocrx_word' id='word_1_241' title='bbox 1459 3869 1846 3948; x_wconf 89' lang='lat' dir='ltr'>quantopere</span> <span class='ocrx_word' id='word_1_242' title='bbox 1894 3883 1961 3928; x_wconf 92' lang='lat' dir='ltr'>se</span> <span class='ocrx_word' id='word_1_243' title='bbox 2005 3862 2113 3927; x_wconf 90' lang='lat' dir='ltr'>ille</span> <span class='ocrx_word' id='word_1_244' title='bbox 2161 3867 2456 3950; x_wconf 86' lang='lat' dir='ltr'>nepotum</span> <span class='ocrx_word' id='word_1_245' title='bbox 2513 3882 2666 3943; x_wconf 82' lang='lat' dir='ltr'>grex</span> <span class='ocrx_word' id='word_1_246' title='bbox 2722 3861 2933 3927; x_wconf 85' lang='lat' dir='ltr'>laedat</span> 
     </span>
     <span class='ocr_line' id='line_1_30' title="bbox 479 3978 2931 4064; baseline 0 -21"><span class='ocrx_word' id='word_1_247' title='bbox 479 3983 803 4063; x_wconf 87' lang='lat' dir='ltr'>appareat.</span> <span class='ocrx_word' id='word_1_248' title='bbox 897 3978 1120 4045; x_wconf 92' lang='lat' dir='ltr'>deinde</span> <span class='ocrx_word' id='word_1_249' title='bbox 1170 4000 1225 4044; x_wconf 92' lang='lat' dir='ltr'>a.</span> <span class='ocrx_word' id='word_1_250' title='bbox 1274 4000 1334 4045; x_wconf 92' lang='lat' dir='ltr'>u.</span> <span class='ocrx_word' id='word_1_251' title='bbox 1375 3981 1455 4047; x_wconf 83' lang='lat'>15</span> <span class='ocrx_word' id='word_1_252' title='bbox 1505 3999 1702 4064; x_wconf 90' lang='lat' dir='ltr'>usque</span> <span class='ocrx_word' id='word_1_253' title='bbox 1748 3979 1828 4043; x_wconf 91' lang='lat' dir='ltr'>ad</span> <span class='ocrx_word' id='word_1_254' title='bbox 1867 3999 1928 4044; x_wconf 91' lang='lat' dir='ltr'>u.</span> <span class='ocrx_word' id='word_1_255' title='bbox 1957 3980 2063 4062; x_wconf 80' lang='grc'>22,</span> <span class='ocrx_word' id='word_1_256' title='bbox 2111 3978 2369 4064; x_wconf 90' lang='lat' dir='ltr'>praeliis</span> <span class='ocrx_word' id='word_1_257' title='bbox 2418 3998 2575 4064; x_wconf 86' lang='lat' dir='ltr'>quae</span> <span class='ocrx_word' id='word_1_258' title='bbox 2623 3978 2931 4044; x_wconf 91' lang='lat' dir='ltr'>eiusmodi</span> 
     </span>
     <span class='ocr_line' id='line_1_31' title="bbox 460 4093 2931 4182; baseline 0.001 -23"><span class='ocrx_word' id='word_1_259' title='bbox 460 4093 832 4180; x_wconf 85' lang='lat' dir='ltr'>puellarum</span> <span class='ocrx_word' id='word_1_260' title='bbox 877 4093 1119 4182; x_wconf 85' lang='lat' dir='ltr'>rapinis</span> <span class='ocrx_word' id='word_1_261' title='bbox 1168 4103 1306 4162; x_wconf 91' lang='lat' dir='ltr'>orta</span> <span class='ocrx_word' id='word_1_262' title='bbox 1354 4097 1480 4162; x_wconf 91' lang='lat' dir='ltr'>sint</span> <span class='ocrx_word' id='word_1_263' title='bbox 1528 4096 1931 4177; x_wconf 89' lang='lat' dir='ltr'>enumeratis,</span> <span class='ocrx_word' id='word_1_264' title='bbox 1984 4115 2096 4182; x_wconf 90' lang='lat' dir='ltr'>per</span> <span class='ocrx_word' id='word_1_265' title='bbox 2142 4095 2478 4161; x_wconf 90' lang='lat' dir='ltr'>Romulum</span> <span class='ocrx_word' id='word_1_266' title='bbox 2527 4096 2632 4180; x_wconf 92' lang='lat' dir='ltr'>qui</span> <span class='ocrx_word' id='word_1_267' title='bbox 2667 4094 2931 4162; x_wconf 88' lang='lat' dir='ltr'>Sabinas</span> 
     </span>
     <span class='ocr_line' id='line_1_32' title="bbox 460 4209 2931 4299; baseline 0 -23"><span class='ocrx_word' id='word_1_268' title='bbox 460 4209 745 4278; x_wconf 78' lang='lat' dir='ltr'>-in&#39;tactas</span> <span class='ocrx_word' id='word_1_269' title='bbox 793 4214 1110 4297; x_wconf 89' lang='lat' dir='ltr'>rapuisset</span> <span class='ocrx_word' id='word_1_270' title='bbox 1154 4215 1250 4279; x_wconf 90' lang='lat' dir='ltr'>sui</span> <span class='ocrx_word' id='word_1_271' title='bbox 1298 4213 1599 4299; x_wconf 91' lang='lat' dir='ltr'>temporis</span> <span class='ocrx_word' id='word_1_272' title='bbox 1648 4217 1907 4299; x_wconf 91' lang='lat' dir='ltr'>nepotes</span> <span class='ocrx_word' id='word_1_273' title='bbox 1954 4213 2222 4279; x_wconf 86' lang='lat' dir='ltr'>feminas</span> <span class='ocrx_word' id='word_1_274' title='bbox 2270 4220 2671 4297; x_wconf 88' lang='lat' dir='ltr'>corrumpere</span> <span class='ocrx_word' id='word_1_275' title='bbox 2716 4212 2931 4277; x_wconf 91' lang='lat' dir='ltr'>doctos</span> 
     </span>
     <span class='ocr_line' id='line_1_33' title="bbox 458 4328 2928 4413; baseline -0 -19"><span class='ocrx_word' id='word_1_276' title='bbox 458 4347 618 4394; x_wconf 82' lang='lat' dir='ltr'>esse</span> <span class='ocrx_word' id='word_1_277' title='bbox 686 4332 888 4413; x_wconf 86' lang='lat' dir='ltr'>putat.</span> <span class='ocrx_word' id='word_1_278' title='bbox 983 4329 1182 4413; x_wconf 89' lang='lat' dir='ltr'>quod,</span> <span class='ocrx_word' id='word_1_279' title='bbox 1252 4349 1393 4395; x_wconf 90' lang='lat' dir='ltr'>cum</span> <span class='ocrx_word' id='word_1_280' title='bbox 1464 4350 1589 4394; x_wconf 93' lang='lat' dir='ltr'>non</span> <span class='ocrx_word' id='word_1_281' title='bbox 1656 4329 1860 4402; x_wconf 86' lang='lat' dir='ltr'>solum</span> <span class='ocrx_word' id='word_1_282' title='bbox 1931 4330 2210 4395; x_wconf 91' lang='lat' dir='ltr'>uirorum</span> <span class='ocrx_word' id='word_1_283' title='bbox 2282 4328 2514 4395; x_wconf 89' lang='lat' dir='ltr'>scelere</span> <span class='ocrx_word' id='word_1_284' title='bbox 2570 4330 2677 4395; x_wconf 93' lang='lat' dir='ltr'>sed</span> <span class='ocrx_word' id='word_1_285' title='bbox 2738 4328 2928 4395; x_wconf 92' lang='lat' dir='ltr'>etiam</span> 
     </span>
     <span class='ocr_line' id='line_1_34' title="bbox 476 4443 2930 4531; baseline 0.001 -22"><span class='ocrx_word' id='word_1_286' title='bbox 476 4443 854 4516; x_wconf 85' lang='lat' dir='ltr'>feminarum</span> <span class='ocrx_word' id='word_1_287' title='bbox 900 4444 1160 4512; x_wconf 88' lang='lat' dir='ltr'>leuitate</span> <span class='ocrx_word' id='word_1_288' title='bbox 1205 4445 1336 4531; x_wconf 84' lang='lat' dir='ltr'>fiat,</span> <span class='ocrx_word' id='word_1_289' title='bbox 1386 4466 1491 4512; x_wconf 88' lang='lat' dir='ltr'>eas</span> <span class='ocrx_word' id='word_1_290' title='bbox 1537 4446 1831 4512; x_wconf 80' lang='lat' dir='ltr'>heroinas</span> <span class='ocrx_word' id='word_1_291' title='bbox 1870 4446 2194 4531; x_wconf 89' lang='lat' dir='ltr'>praedicat</span> <span class='ocrx_word' id='word_1_292' title='bbox 2225 4466 2381 4530; x_wconf 89' lang='lat' dir='ltr'>quae</span> <span class='ocrx_word' id='word_1_293' title='bbox 2414 4465 2635 4512; x_wconf 91' lang='lat' dir='ltr'>reuera</span> <span class='ocrx_word' id='word_1_294' title='bbox 2667 4444 2930 4530; x_wconf 87' lang='lat' dir='ltr'>pudicae</span> 
     </span>
     <span class='ocr_line' id='line_1_35' title="bbox 475 4561 2929 4648; baseline 0 -21"><span class='ocrx_word' id='word_1_295' title='bbox 475 4562 731 4628; x_wconf 81' lang='lat' dir='ltr'>fuerint.</span> <span class='ocrx_word' id='word_1_296' title='bbox 827 4561 1062 4648; x_wconf 89' lang='lat' dir='ltr'>templa</span> <span class='ocrx_word' id='word_1_297' title='bbox 1121 4569 1340 4630; x_wconf 90' lang='lat' dir='ltr'>contra</span> <span class='ocrx_word' id='word_1_298' title='bbox 1393 4562 1741 4630; x_wconf 88' lang='lat' dir='ltr'>Pudicitiae</span> <span class='ocrx_word' id='word_1_299' title='bbox 1800 4563 1934 4628; x_wconf 89' lang='lat' dir='ltr'>sine</span> <span class='ocrx_word' id='word_1_300' title='bbox 1992 4583 2143 4628; x_wconf 88' lang='lat' dir='ltr'>uera</span> <span class='ocrx_word' id='word_1_301' title='bbox 2200 4563 2504 4648; x_wconf 89' lang='lat' dir='ltr'>pudicitia</span> <span class='ocrx_word' id='word_1_302' title='bbox 2559 4582 2684 4628; x_wconf 91' lang='lat' dir='ltr'>non</span> <span class='ocrx_word' id='word_1_303' title='bbox 2745 4561 2929 4628; x_wconf 84' lang='lat' dir='ltr'>nauci</span> 
     </span>
    </p>
   </div>
  </div>
 </body>
</html>
