3428 5235
1621 327 1705 393 27

439 511 634 595 quam'
682 508 750 574 in
810 505 1104 574 secundo.
1199 525 1347 571 nam
1403 525 1702 588 magnum
1758 503 1937 571 illum
1994 505 2227 572 amoris
2278 503 2593 573 feruorem
2657 503 2781 570 nisi
2826 504 2895 570 in

438 624 655 709 elegiis
703 628 768 709 6,
816 626 881 709 8,
934 626 1037 707 10,
1086 624 1196 707 20,
1244 624 1326 689 21
1377 622 1487 687 uix
1535 622 1842 688 inuenies.

598 761 802 826 neque
870 740 1201 825 quisquam
1272 738 1529 821 negabit
1584 738 1759 806 tertii
1814 737 1960 805 libri
2018 736 2360 804 uersiculos
2430 735 2627 831 multo
2693 737 2895 820 magis

437 859 611 926 tenui
658 857 908 946 pumice
956 861 1209 927 exactos
1258 856 1608 924 decurrere.
1704 854 1873 940 quod
1919 861 1988 922 ut
2033 853 2457 923 demonstrem
2508 874 2710 940 pauca
2753 857 2895 919 tan-

442 979 579 1042 tum
628 971 819 1041 affero
868 993 1028 1058 quae
1076 972 1325 1057 singula
1369 971 1642 1039 fortasse
1689 972 1865 1039 casui
1898 972 2162 1057 tribuae,
2210 972 2320 1039 sed
2369 972 2581 1038 omnia
2618 971 2671 1037 si
2705 969 2896 1037 simul

439 1090 833 1177 reputaueris
880 1110 1006 1157 non
1053 1090 1293 1177 poteris
1343 1091 1569 1176 opinor
1616 1090 1768 1175 quin
1818 1088 1896 1156 ad
1946 1110 2149 1156 meam
2200 1088 2580 1155 sententiam
2614 1088 2892 1154 accedas,

615 1210 803 1293 atque
858 1208 926 1273 in
984 1208 1256 1274 secundo
1311 1206 1471 1274 libro
1538 1208 1703 1274 inter
1759 1209 1890 1274 676
1958 1210 2390 1293 pentametros
2424 1205 2530 1279 ,42
2588 1203 2895 1272 finiuntur

435 1322 763 1391 uocabulis
817 1322 1345 1410 hyperdisyllabis
1393 1325 1435 1390 i.
1472 1344 1526 1394 e.
1578 1318 1812 1411 6¹⁹7„ss
1860 1324 2026 1390 inter
2079 1324 2235 1407 100,
2292 1323 2354 1388 in
2406 1322 2592 1388 tertio
2640 1326 2678 1389 9
2729 1322 2895 1388 inter

435 1443 567 1509 443
628 1440 672 1506 i.
739 1461 792 1507 e.
854 1435 1061 1525 2¹4l4ffi
1119 1441 1286 1507 inter
1348 1443 1492 1508 100.
1603 1441 1672 1506 in
1733 1460 1859 1525 qua
1925 1440 2360 1507 numeratione
2418 1437 2603 1511 omisi
2650 1456 2894 1512 ,uersus

438 1558 504 1623 in
554 1555 812 1626 nomina
858 1558 1116 1643 propria
1163 1555 1497 1643 plusquam
1531 1555 1845 1643 disyllaba
1875 1556 2187 1624 cadentes.
2267 1555 2492 1622 deinde
2523 1556 2590 1624 in
2621 1552 2894 1622 secundo

433 1674 596 1742 libro
678 1672 1044 1760 Propertius
1116 1674 1699 1761 semiseptenariam
1771 1694 1914 1741 cum
1985 1673 2429 1740 trithemimeri
2496 1673 2908 1748 coniunctam'

437 1791 632 1858 uicies
681 1796 779 1858 ter
824 1790 914 1856 ita
964 1791 1250 1859 adhibuit
1295 1796 1366 1858 ut
1412 1793 1599 1858 etiam
1648 1798 1794 1878 port
1838 1792 2097 1860 tertium
2146 1792 2505 1859 trochaeum
2567 1789 2893 1855 auxiliaris

436 1926 698 1974 caesura
746 1907 1085 1992 incideret,
1150 1908 1420 1975 sedecim
1485 1908 1655 1974 illius
1717 1907 1965 1991 generis
2024 1927 2316 1975 caesuras
2377 1909 2510 1974 sine
2559 1905 2893 1974 trochaicis

443 2024 895 2092 adiuuantibus
944 2027 1215 2092 admisit.
1309 2030 1530 2093 contra
1575 2026 1640 2091 in
1690 2026 1878 2092 tertio
1925 2025 2086 2093 libro
2134 2026 2326 2092 uicies
2374 2024 2703 2112 quinquies
2750 2042 2892 2088 cum

438 2159 609 2224 cura,
660 2147 880 2226 quater
926 2146 1171 2208 tantum
1220 2141 1638 2226 negligentius
1704 2162 1968 2209 caesura
2022 2141 2134 2209 illa
2187 2163 2336 2209 usus
2393 2148 2507 2209 est.
2600 2139 2894 2208 similiter

432 2257 665 2343 septies
720 2257 854 2325 sola
907 2259 1425 2345 semiseptenaria
1479 2280 1628 2327 usus
1691 2264 1788 2326 est
1848 2239 1913 2326 i'n
1964 2261 2236 2327 secundo
2288 2258 2449 2327 libro
2502 2260 2545 2324 i.
2587 2279 2641 2325 e.
2698 2257 2888 2325 semel

431 2374 597 2442 inter
662 2375 746 2441 96
814 2374 1244 2460 hexametros,
1314 2376 1380 2442 in
1436 2377 1623 2443 tertio
1678 2381 1776 2444 ter
1830 2378 1872 2444 i.
1922 2398 1975 2444 e.
2036 2376 2228 2444 semel
2283 2378 2449 2443 inter
2513 2379 2656 2443 148.
2754 2381 2891 2443 tum

320 2522 326 2530 ·
429 2490 494 2557 in
560 2489 831 2557 secundo
896 2490 1057 2558 libro
1132 2492 1497 2559 hexameter
1565 2493 1898 2579 quinquies
1965 2501 2072 2560 aut
2126 2492 2427 2562 uocabulo
2483 2491 2892 2578 quinquasyl-

414 2604 572 2673 ‚labo
630 2626 742 2674 seu
798 2606 1206 2695 tetrasyllabo
1262 2607 1575 2676 clauditur
1630 2615 1741 2677 aut
1796 2611 1955 2677 arsis
2013 2612 2214 2697 quinti
2274 2609 2453 2698 pedis
2513 2610 2655 2697 plus
2702 2630 2890 2695 quam

432 2723 859 2810 monosyllabo
936 2725 1162 2793 thesis
1209 2726 1517 2813 disyllabo
1598 2728 1903 2794 uocabulo
1982 2733 2259 2811 constat,
2337 2729 2402 2793 in
2472 2727 2660 2795 tertio
2729 2727 2890 2794 libro

428 2839 539 2906 illa
584 2840 841 2908 licentia
888 2843 1111 2927 semel,
1171 2844 1326 2909 haec
1372 2864 1716 2929 numquam
1766 2845 2052 2928 occurrit,
2101 2845 2263 2930 quod
2312 2843 2569 2910 Lucian.
2663 2841 2891 2910 Miiller

327 3014 330 3017 .
428 2957 626 3043 praef.
686 2956 872 3044 Prop.
936 2980 997 3045 p.
1039 2958 1301 3024 XLVIII
1367 2959 1749 3026 obseruauit.
1844 2981 2110 3046 cumque
2172 2960 2463 3028 elisiones
2531 2960 2701 3046 apud
2765 2961 2888 3045 ele·

429 3073 868 3157 gantissimum
941 3095 1250 3161 quemque
1319 3082 1571 3162 poetam
1645 3096 1768 3142 non
1840 3076 2286 3143 adhiberentur
2350 3078 2475 3143 nisi
2540 3077 2606 3144 in
2678 3079 2888 3164 prima

428 3188 590 3256 thesi
648 3190 921 3257 secunda
979 3193 1106 3258 arsi
1164 3196 1418 3277 totoque
1474 3200 1695 3279 quarto
1746 3193 1938 3279 pede,
2003 3192 2373 3280 Propertius
2439 3201 2657 3261 contra
2728 3195 2888 3263 hanc

439 3305 717 3390 regulam
788 3309 852 3374 in
923 3309 1197 3377 secundo
1266 3309 1429 3377 libro
1500 3311 1706 3377 sexies
1773 3311 1837 3376 in
1907 3311 2093 3377 tertio
2175 3330 2517 3395 numquam
2599 3314 2887 3398 peccauit

428 3442 613 3507 quam
661 3424 1163 3493 obseruationem
1210 3426 1338 3494 iam
1385 3427 1551 3513 apud
1598 3425 1908 3495 Eschenb.
1940 3427 2048 3494 lib.
2083 3427 2344 3495 miscell.
2387 3428 2603 3494 societ.
2677 3428 2879 3497 Bonn.

475 3590 490 3607 .
525 3542 607 3608 86
656 3542 714 3608 le
758 3563 814 3609 0.

426 3559 469 3626 p
602 3564 758 3723 haei
803 3659 1016 3724 omnia
1064 3678 1188 3724 non
1237 3658 1587 3744 potuissent
1633 3658 1798 3746 fieri,
1861 3661 1915 3725 si
1964 3664 2153 3746 poeta
2210 3659 2458 3727 libidini
2514 3661 2724 3728 nescio
2783 3663 2885 3730 cui

424 3770 757 3852 indulgens
800 3776 1152 3843 carminum
1200 3796 1452 3842 suorum
1487 3776 1770 3843 ordinem
1805 3776 2122 3844 turbasset
2167 3777 2479 3862 simulque
2512 3776 2656 3843 illos
2687 3777 2882 3846 libros

427 3883 744 3953 edidisset.
836 3889 1031 3957 immo
1079 3892 1315 3975 elegiae
1360 3893 1535 3959 tertii
1579 3892 1729 3960 libri
1794 3900 1938 3979 post
1993 3893 2250 3961 secundi
2301 3891 2581 3981 *scriptae
2628 3900 2775 3961 sunt
2820 3902 2884 3964 et

422 4001 584 4070 liber
628 4004 851 4072 tertius
899 4013 1043 4093 post
1086 4008 1426 4075 secundum
1476 4010 1540 4076 in
1591 4008 2071 4096 bibliopolarum
2123 4030 2346 4079 manus
2393 4012 2701 4098 peruenit.

1627 4306 1688 4371 2.

601 4490 744 4538 cum
789 4472 917 4538 iam
964 4472 1043 4540 ad
1090 4473 1231 4559 ipsa
1262 4478 1551 4561 tempora
1581 4474 1934 4543 definienda
1963 4479 2460 4565 peruenerimus,
2509 4477 2879 4546 accedamus

422 4584 505 4652 ad
551 4586 912 4655 decantatos
958 4589 1101 4657 illos
1148 4611 1395 4660 uersus:
