3428 5235
1691 359 1779 426 34

505 535 838 618 gaudeant.
913 535 1022 601 sed
1076 535 1226 619 quid
1289 535 1458 601 illius
1514 536 1767 619 fugitiui
1829 536 2050 602 militis
2113 538 2834 622 parentum‘interesset
2886 538 2962 603 de

507 651 798 717 defuncto
855 652 1048 734 scire,
1108 651 1231 716 nisi
1291 652 1477 717 huius
1537 672 1783 737 quoque
1840 658 2133 737 parentes
2183 653 2428 719 essent?
2485 654 2698 737 itaque
2744 652 2963 719 Gallus

506 768 691 832 fratri
738 766 891 833 baec
941 767 1237 832 mandata
1284 768 1410 850 dat,
1460 769 1626 836 unde
1673 768 1799 833 iam
1850 775 2019 834 recte
2055 770 2328 854 accipies
2362 777 2650 853 quartum
2684 790 2960 836 uersum.

509 904 667 968 quae
709 903 848 949 cum
884 884 974 948 ita
1007 884 1152 967 sint,
1203 866 1776 968 probabilissimum
1814 890 1910 950 est
1940 890 2254 950 mortuum
2289 885 2464 951 illum
2499 884 2747 950 Gallum
2786 884 2963 951 Sexti

509 1001 694 1066 amici
744 1000 1004 1064 fratrem
1037 1000 1233 1065 fuisse
1266 999 1564 1084 illamque
1597 1021 1897 1084 sororem,
1948 1002 2024 1066 de
2058 1023 2180 1086 qua
2216 1022 2400 1067 uersu
2435 1007 2635 1067 sexto‘
2650 1005 2963 1088 audimus,

509 1117 808 1181 carminis
880 1115 1232 1181 duodecimi
1302 1115 1449 1180 libri
1520 1115 1606 1181 III
1676 1117 1920 1182 Aeliam
1991 1116 2236 1183 Gallam
2308 1138 2462 1185 esse.
2533 1120 2640 1185 sed
2714 1121 2962 1185 etiamsi
3086 1131 3090 1135 “

507 1231 725 1298 Gallus
784 1238 996 1297 noster
1045 1252 1078 1296 e
1125 1238 1308 1313 gente
1355 1231 1540 1297 Aelia
1597 1238 1767 1317 erat,
1824 1239 2034 1299 tamen
2094 1234 2367 1300 dubitari
2414 1241 2624 1320 potest
2669 1256 2748 1301 an
2794 1237 2960 1302 idem

505 1349 699 1413 fuerit
756 1354 942 1433 atque
997 1347 1104 1413 ille
1151 1348 1462 1413 Arabicae
1522 1349 1944 1433 expeditionis
2003 1351 2149 1415 dux.
2232 1370 2438 1415 nonne
2500 1353 2705 1436 potuit
2750 1353 2803 1417 is
2850 1357 2959 1418 aut

508 1470 687 1550 pater
735 1471 845 1530 aut
893 1470 1152 1549 patruus
1201 1470 1311 1529 aut
1357 1467 1660 1549 patruelis
1708 1467 1907 1537 nostri
1954 1465 2116 1531 Galli
2165 1467 2341 1532 esse?
2397 1467 2507 1533 sed
2553 1471 2624 1532 ut
2669 1467 2759 1532 illi
2793 1466 2954 1532 Galli

506 1581 696 1646 iidem
748 1581 896 1662 sint,
946 1579 1061 1646 boc
1090 1581 1266 1645 meis
1313 1601 1453 1645 cum
1503 1582 1852 1647 rationibus
1902 1604 2024 1648 non
2074 1589 2330 1667 pugnat.
2386 1605 2530 1648 nam
2582 1583 2833 1649 Gallum
2881 1605 2959 1650 ex

505 1697 796 1781 Aegypto
867 1702 1105 1761 aestate
1176 1697 1324 1761 anni
1387 1699 1512 1761 729
1586 1699 1931 1782 profectum
2005 1700 2217 1782 paullo
2279 1707 2423 1765 ante
2480 1700 2804 1782 Augustus
2864 1700 2965 1766 illi.

506 1813 874 1899 prouinciae
921 1811 1262 1898 praeficere
1313 1813 1552 1898 potuit5
1598 1814 1674 1878 de
1723 1834 1847 1897 qua
1894 1836 1961 1880 re
2010 1836 2265 1900 prorsus
2313 1817 2399 1881 nil
2450 1817 2698 1883 scimus,
2749 1819 2961 1902 itaque

507 1931 713 2016 potuit
761 1928 1126 2013 Propertius
1173 1927 1285 1993 illa
1333 1930 1615 1994 carmina
1662 1929 1739 1994 ad
1776 1927 2022 1995 Gallum
2074 1932 2267 1996 missa
2315 1936 2582 1999 exeunte
2631 1935 2957 2000 anno<728

507 2053 571 2115 et
615 2048 869 2112 ineunte
919 2046 1046 2111 729
1094 2044 1349 2126 fingere.

687 2162 912 2228 deinde
961 2161 1222 2244 elegiam
1273 2161 1321 2244 Ι,
1371 2164 1411 2226 6
1461 2181 1623 2227 anno
1677 2164 1801 2227 727
1852 2163 2097 2247 tribuit,
2148 2165 2311 2248 quod
2360 2164 2598 2249 TulluS‚
2648 2167 2797 2231 anni
2832 2168 2956 2232 721

504 2277 750 2362 consul,
822 2285 1080 2364 propter
1147 2277 1348 2358 legem
1422 2276 1644 2342 Iuliam
1709 2280 1857 2342 anni
1917 2280 2044 2345 701
2116 2280 2193 2345 ab
2249 2280 2535 2361 Augusto
2605 2262 2798 2348 anno*
2832 2284 2957 2349 727

506 2396 810 2460 sancitam
870 2414 1073 2478 neque
1131 2400 1317 2460 antea
1374 2394 1497 2458 nisi
1559 2394 1885 2460 rarissime
1932 2395 2165 2460 laesam
2218 2392 2363 2463 ante
2414 2398 2538 2462 727
2587 2400 2651 2463 in
2699 2400 2959 2485 prouin-

505 2515 663 2579 ciam
723 2513 896 2578 abire
953 2531 1076 2576 non
1135 2511 1357 2596 potuit.
1421 2516 1608 2594 atque
1665 2512 1895 2576 accedo
1942 2511 2356 2595 Hertzbergio
2418 2516 2481 2579 in
2542 2535 2615 2579 ea
2669 2535 2738 2581 re
2793 2516 2959 2600 quod

506 2629 757 2712 Tullum
814 2631 879 2695 in
936 2630 1146 2714 patrui
1209 2629 1464 2694 cohorte
1519 2630 1584 2693 in
1645 2629 1864 2694 Asiam
1924 2630 2347 2713 profect-urum
2406 2632 2602 2697 fuisse
2660 2632 2960 2717 illamque

507 2746 769 2829 elegiam
818 2751 961 2831 post
1007 2765 1236 2810 annum
1291 2748 1417 2810 726
1469 2746 1819 2811 necessario
1863 2746 2166 2829 scriptam
2200 2767 2337 2811 esse
2369 2766 2609 2813 censeo.
2673 2749 2783 2815 sed
2816 2752 2955 2835 ipso

504 2861 613 2927 illo
674 2882 837 2927 anno
899 2861 1310 2945 compositam
1362 2881 1500 2925 eam
1551 2881 1686 2926 esse
1736 2882 1914 2943 nego.
1975 2882 2120 2925 nam
2171 2870 2651 2947 propraetorum
2701 2870 2764 2929 et
2811 2885 2957 2949 pro-

506 2977 833 3045 consulum
867 2997 1163 3043 numerus
1199 2998 1269 3042 eo
1302 2983 1585 3060 tempore
1617 2976 1812 3042 multo
1848 2978 2048 3044 maior
2081 2982 2217 3043 erat
2251 2999 2436 3063 quam
2473 2982 2957 3066 prouinciarum,

509 3094 675 3186 quod
723 3116 758 3159 a
806 3095 1242 3159 triumuiratus
1303 3094 1689 3178 temporibus
1740 3113 1937 3177 usque
1984 3094 2063 3159 ad
2111 3116 2340 3160 annum
2395 3097 2520 3161 727
2571 3116 2695 3162 non
2743 3117 2959 3163 omnes

506 3218 830 3296 praetores
879 3218 942 3275 et
988 3211 1272 3275 consules
1322 3211 1524 3294 prisco
1574 3230 1749 3275 more
1797 3210 1905 3275 sed
1954 3216 2025 3275 ut
2056 3212 2254 3276 tribus
2299 3212 2424 3277 illis
2460 3216 2745 3297 tyrannis
2777 3214 2963 3280 libuit

509 3327 865 3412 prouincias
923 3328 1092 3391 nacti
1151 3334 1347 3391 erant.
1414 3345 1598 3409 quam
1660 3326 1738 3391 ob
1797 3345 2047 3391 causam
2110 3348 2236 3392 una
2290 3330 2618 3412 prouincia
2673 3330 2959 3415 pluribus

507 3445 743 3510 tributa
791 3453 887 3509 est
931 3451 1000 3508 ut
1033 3442 1153 3507 Dio
1202 3447 1471 3507 testatur
1502 3440 1661 3525 LIII,
1720 3445 1827 3507 14:
1879 3446 1986 3508 καὶ
2030 3442 2237 3531 χρόνῳ
2284 3451 2405 3528 μέν
2449 3471 2570 3513 τινι
2617 3446 2851 3523 πάντες
2899 3448 2962 3514 οἳ

505 3563 777 3628 τοιοῦτοι
836 3564 894 3627 εἰ
951 3563 1057 3626 καὶ
1113 3562 1367 3635 πλείους
1413 3560 1539 3625 τῶν
1585 3560 1807 3626 ἐθνῶν
1853 3557 2016 3646 ἦσαν
2062 3559 2424 3644 ἐλάγχανον
2471 3560 2658 3629 αὗτά.
2725 3563 2834 3629 sed
2882 3584 2960 3629 ne

507 3679 598 3744 sic
659 3677 908 3761 quidem
966 3696 1181 3742 omnes
1242 3676 1597 3760 prouincias
1655 3697 1802 3741 suas
1862 3678 2067 3761 primo
2126 3677 2227 3741 uel
2275 3678 2545 3743 secundo
2594 3699 2756 3744 anno
2803 3700 2959 3745 nan-

507 3795 655 3859 cisci
716 3800 1074 3878 potuerunt.
1135 3799 1304 3857 certe
1363 3792 1417 3856 si
1465 3791 1684 3856 Tullus
1745 3793 1869 3857 iam
1921 3812 2081 3857 anno
2128 3793 2250 3859 727
2290 3794 2508 3858 Asiam
2558 3794 2960 3862 administra-

506 3911 705 3975 uisset
760 3911 987 3975 mirum
1044 3910 1162 3974 hoc
1210 3909 1417 3994 potius
1467 3913 1632 3974 esset
1679 3929 1865 3992 quam
1919 3909 2259 3994 probabile.
2336 3931 2448 3993 ego
2499 3910 2745 3976 Tullum
2797 3932 2960 3977 anno

512 4028 639 4091 729
690 4027 753 4091 in
786 4025 1004 4091 Asiam
1056 4026 1370 4091 abiturum
1421 4026 1613 4091 fuisse
1649 4025 1973 4111 probabile
2005 4027 2164 4092 duco
2198 4027 2361 4111 quod
2396 4029 2545 4092 anni
2584 4031 2704 4095 721
2742 4028 2961 4095 consul

509 4162 588 4207 ex
642 4141 882 4238 ultimis
943 4147 1082 4207 erat
1128 4162 1390 4227 quorum
1442 4150 1696 4208 senatus
1744 4144 1808 4207 in
1859 4142 2213 4208 diuidendis
2262 4144 2604 4228 prouinciis
2651 4146 2959 4210 rationem

505 4256 736 4324 habere
784 4259 1007 4344 potuit.

687 4380 822 4440 tum
897 4394 1148 4440 carmen
1218 4373 1296 4458 ΙΙ,
1349 4377 1384 4440 7
1436 4395 1599 4440 anno
1662 4377 1812 4441 728
1848 4375 2299 4458 Hertzbergius
2348 4376 2571 4442 tribuit
2627 4376 2717 4441 sic
2774 4396 2960 4457 argu-

507 4494 851 4557 mentatus:
909 4491 1030 4557 Dio
1090 4492 1168 4557 de
1231 4491 1346 4556 hac
1391 4490 1528 4574 lege
1574 4496 1793 4576 postea
1839 4491 2036 4578 Papio
2084 4491 2378 4579 Poppaeo
2425 4492 2782 4558 consulibus
2829 4491 2962 4558 lata

509 4606 664 4671 nihil
725 4612 973 4693 narrat,
1031 4608 1203 4692 atqui
1249 4629 1383 4674 rem
1433 4612 1561 4673 tam
1613 4630 1869 4691 grauem
1920 4629 2044 4675 non
2093 4610 2437 4693 omisisset,
2496 4630 2643 4693 ergo
2691 4610 2748 4677 ei
2796 4628 2959 4674 anno

1124 4767 2958 5203 s„
