3428 5235
1663 332 1751 396 48

484 512 658 599 Lips.
718 512 889 579 1874
945 509 1361 594 scripserunt,
1413 509 1514 591 qui
1566 500 1785 573 uersus
1835 509 1915 573 77
1927 510 2101 574 -80
2150 513 2292 593 post
2338 530 2395 573 u.
2434 511 2517 575 66
2567 514 2931 595 posuerunt,

488 630 593 696 sed
644 649 862 694 uersus
896 628 1002 693 81.
1038 627 1122 692 82
1155 632 1322 691 recte
1369 625 1684 708 explicare
1717 625 2153 708 nequiuerunt.
2218 626 2429 708 itaque
2477 645 2678 691 meam
2716 624 2934 690 audias

489 747 883 811 sententiam.
1884 736 1936 769 ”¹
2035 764 2050 787 ⁶

667 867 999 947 postquam
1048 857 1417 942 Propertius
1466 857 1813 937 Vergilium
1866 855 2181 921 Hesiodea
2227 862 2563 942 praecepta
2612 862 2680 922 ut
2724 848 2930 941 ipsum

484 979 840 1064 Apollinem
892 994 1116 1040 canere
1164 974 1343 1055 dixit,
1393 972 1508 1037 hoc
1555 973 1865 1055 sequitur:

1014 1128 1124 1166 non
1160 1116 1345 1166 tamen
1383 1110 1519 1164 haec
1557 1111 1649 1164 ulli
1687 1111 1909 1164 uenient
1946 1111 2161 1178 ingrata
2198 1111 2418 1181 legenti,

1087 1210 1204 1263 siue
1241 1209 1295 1262 in
1335 1224 1519 1263 amore
1558 1208 1707 1262 rudis
1747 1209 1864 1263 siue
1903 1209 2111 1278 peritus
2150 1210 2269 1263 erit.

485 1348 529 1411 i.
570 1365 622 1409 e.
673 1341 779 1407 sed
830 1340 1015 1405 etiam
1068 1338 1172 1422 qui
1223 1339 1420 1401 amori
1470 1338 1717 1402 deditus
1768 1345 1861 1402 est
1892 1359 2015 1402 non
2054 1339 2183 1402 sine
2216 1338 2537 1422 uoluptate
2569 1336 2722 1402 haec
2751 1338 2933 1417 leget.

482 1462 546 1526 in
583 1479 768 1544 quam
803 1455 1173 1521 sententiam
1211 1459 1397 1539 poeta
1429 1453 1701 1519 incidere
1735 1474 1860 1518 non
1893 1455 2220 1538 potuisset,
2272 1454 2393 1518 nisi
2429 1459 2615 1519 antea
2648 1458 2931 1518 amantes

486 1578 651 1642 seria
707 1594 829 1639 non
899 1591 1119 1636 curare
1178 1571 1461 1635 dixisset.
1567 1590 1768 1653 neque
1838 1570 2031 1651 igitur
2085 1570 2469 1635 intellectum
2533 1570 2687 1636 haec
2742 1570 2935 1636 uerba

489 1691 837 1771 habebunt,
909 1687 1030 1751 nisi
1100 1686 1260 1750 hanc
1325 1686 1622 1750 carminis
1686 1686 1886 1750 nostri
1955 1693 2197 1771 partem
2269 1705 2408 1751 cum
2477 1707 2549 1752 ea
2602 1686 2936 1753 cohaerere

486 1807 959 1893 sumpserimuS,
1022 1802 1128 1867 ubi
1177 1807 1362 1887 poeta
1406 1799 1724 1886 Lynceum
1777 1802 1853 1867 ab
1903 1803 2081 1867 seriis
2140 1803 2340 1884 poetis
2387 1802 2732 1885 imitandiS,
2793 1823 2932 1867 cum

481 1927 546 1991 in
605 1941 901 2005 magnum
962 1939 1237 1984 amorem
1302 1920 1692 2003 peruenerit,
1763 1927 2021 1984 reuocat
2087 1940 2392 2003 suumque
2458 1901 2514 1985 ei
2576 1919 2932 2003 exemplum

493 2041 813 2127 proponit,
864 2038 968 2120 qui
1018 2037 1181 2100 inter
1229 2035 1460 2099 mixtas
1511 2032 1751 2119 puellas
1799 2035 1924 2100 leui
1972 2036 2222 2118 ingenio
2252 2035 2619 2120 lenibusque
2650 2035 2937 2101 uersibus

483 2147 725 2237 regnet.
811 2152 976 2237 quod
1024 2151 1077 2214 si
1125 2171 1342 2214 uerum
1395 2156 1508 2231 est,
1559 2151 1830 2235 primum
1884 2157 2027 2216 ante
2075 2173 2133 2215 u.
2169 2129 2517 2216 59⁶nouum
2553 2171 2805 2216 carmen
2840 2153 2934 2216 in-

483 2274 692 2357 cipere
741 2289 863 2332 non
896 2269 1119 2351 potest.
1194 2265 1416 2329 deinde
1449 2265 1502 2328 si
1537 2270 1887 2343 extremum
1920 2285 2173 2330 carmen
2208 2286 2348 2331 cum
2382 2267 2588 2332 medio
2619 2267 2934 2345 cohaeret,

487 2388 654 2452 hunc
703 2384 1150 2450 sententiarum
1201 2402 1548 2447 connexum
1599 2402 1735 2447 esse
1782 2390 2076 2468 apparet:
2125 2405 2204 2449 ne
2236 2404 2422 2449 canas
2455 2386 2621 2450 seria
2652 2385 2703 2449 si
2738 2405 2935 2467 amas,

481 2525 670 2571 canas
719 2504 884 2588 quod
933 2501 1191 2584 quaeuis
1239 2520 1495 2564 noscere
1544 2499 1752 2584 puella
1801 2501 1974 2583 uelit,
2024 2521 2125 2567 me
2173 2503 2459 2567 imiteris,
2523 2522 2934 2587 ‘quamquam

482 2620 796 2703 Vergilius
843 2619 1184 2685 Aeneidem
1239 2623 1299 2682 et
1345 2617 1622 2682 Ascraea
1670 2624 2009 2703 praecepta
2055 2621 2298 2685 cecinit.
2394 2621 2504 2686 sed
2553 2621 2652 2686 hic
2699 2621 2788 2686 ita
2834 2641 2935 2686 ce-

480 2740 656 2821 cinit,
707 2742 778 2802 ut
822 2734 978 2800 haec
1011 2735 1222 2801 omnia
1254 2734 1440 2799 etiam
1479 2736 1717 2798 amanti
1749 2735 2136 2820 uoluptatem
2171 2737 2565 2822 praeberent.
2639 2737 2692 2801 si
2726 2742 2932 2802 autem

479 2856 580 2920 hic
626 2852 1076 2919 sententiarum
1125 2871 1324 2916 nexus
1373 2855 1502 2934 est,
1563 2872 1782 2917 uersus
1832 2853 1913 2915 77
1928 2855 2113 2919 —82
2163 2858 2307 2938 post
2354 2873 2411 2918 u.
2450 2856 2534 2920 66
2585 2854 2763 2938 sequi
2819 2873 2929 2920 ne-

484 2991 657 3038 cesse
704 2974 818 3034 est.

660 3085 766 3151 sed
839 3085 961 3148 iam
1035 3083 1111 3149 ab
1183 3081 1306 3147 alia
1375 3089 1552 3169 parte
1607 3105 1739 3150 rem
1799 3085 2260 3169 adgrediamur.
2356 3085 2575 3151 uersfis
2638 3088 2717 3153 81
2779 3088 2930 3152 haec

481 3204 712 3270 tradito
768 3220 1062 3266 uersuum
1115 3201 1332 3264 ordine
1380 3207 1623 3266 retento
1673 3223 1796 3267 non
1847 3209 2055 3287 potest
2102 3203 2220 3267 nisi
2271 3201 2348 3267 ad
2398 3206 2663 3268 Ascraei
2708 3208 2928 3287 poetae

480 3324 820 3406 praecepta
878 3316 1119 3382 referri.
1215 3316 1430 3381 eodem
1482 3318 1668 3381 etiam
1720 3320 1815 3381 his
1866 3317 2081 3383 uersfis
2116 3320 2199 3384 83
2249 3319 2565 3404 pertinere
2614 3320 2925 3403 sequitur:

1048 3462 1151 3501 nec
1188 3446 1363 3500 minor
1401 3447 1484 3501 his
1523 3448 1737 3517 animiS‚
1778 3453 1889 3518 aut,
1928 3450 1974 3502 si
2020 3450 2207 3518 minor,
2248 3465 2340 3505 ore
2378 3467 2610 3506 canorus

1154 3545 1362 3598 anseris
1399 3545 1618 3601 indocto
1657 3546 1897 3601 carmine
1935 3548 2101 3603 cessit
2138 3549 2266 3604 olor.

660 3686 783 3731 non
816 3639 1073 3729 Hesiodi
1124 3664 1352 3728 animis
1401 3665 1606 3728 minor
1652 3666 1854 3730 factus
1903 3672 1998 3731 est
2025 3704 2106 3712 —
2134 3672 2242 3733 aut
2274 3668 2324 3731 si
2363 3669 2566 3733 minor
2597 3669 2800 3735 factus
2833 3674 2930 3735 est

410 3848 413 3851 .
485 3785 690 3863 (erant
749 3782 910 3846 enim
975 3781 1076 3864 qui
1129 3780 1472 3861 Vergilium
1523 3780 1782 3846 Homeri
1832 3803 2124 3863 magnum
2178 3785 2455 3849 animum
2505 3805 2626 3850 non
2680 3786 2928 3871 assequi

484 3900 802 3985 putarent)
863 3916 968 3961 ore
1025 3902 1234 3961 tamen
1291 3916 1555 3961 canorus
1615 3902 1709 3961 est
1756 3898 1796 3961 i.
1834 3918 1885 3962 e.
1939 3919 2156 3963 uersus
2204 3906 2372 3965 certe
2420 3900 2735 3982 elegantes
2784 3907 2930 3967 sunt

483 4051 567 4061 ——
628 4033 752 4078 non
808 4011 1056 4077 indocto
1113 4013 1354 4077 anseris
1415 4013 1691 4079 carmine
1750 4014 1882 4078 olor
1939 4017 2144 4080 cessit.
2239 4016 2414 4081 uides
2471 4016 2774 4108 Georgica
2832 4020 2929 4083 in-

485 4131 668 4196 docta
727 4130 966 4195 anseris
1016 4130 1296 4194 carmina
1344 4129 1485 4194 dici.
1582 4131 1749 4214 quod
1797 4136 1940 4215 apte
1985 4130 2120 4196 fieri
2170 4152 2346 4214 nego.
2441 4154 2587 4199 nam
2638 4135 2800 4218 quod
2850 4135 2927 4199 ad

483 4245 749 4311 formam
803 4246 1054 4329 attinet,
1114 4267 1248 4311 eam
1298 4245 1615 4311 indoctam
1664 4245 2061 4333 Propertium
2110 4269 2231 4313 non
2281 4249 2593 4316 iudicasse
2640 4250 2927 4316 uersibus

490 4363 591 4428 79.
644 4362 730 4429 80
775 4362 1276 4427 demonstratur:

1053 4493 1159 4546 tale
1196 4490 1334 4546 facis
1371 4460 1590 4547 carmen
1626 4492 1790 4547 docta
1827 4493 2103 4547 testudine
2141 4496 2302 4563 quale

1165 4591 1430 4658 Cynthius
1467 4592 1738 4660 impositis
1776 4595 2045 4659 temperat
2081 4592 2338 4645 articulis,
