3428 5235
1650 287 1732 352 31

1027 471 1096 512 en
1133 457 1366 532 agedum
1407 457 1661 515 dominae
1699 464 1938 516 mentem
1977 463 2282 519 conuertite
2319 469 2540 520 nostrae

1133 558 1193 610 et
1227 553 1407 625 facite,
1446 557 1538 611 illa
1575 571 1699 614 meo
1736 559 1941 629 palleat
1977 574 2072 617 ore
2110 562 2304 632 magis,

525 689 578 729 u.
609 673 704 727 11:
1028 670 1163 725 haec
1198 686 1302 739 ego
1340 686 1448 727 non
1485 670 1629 728 ferro
1667 688 1775 728 non
1814 673 1943 744 igne
1981 680 2206 731 coactus

524 788 598 845 ad
636 789 676 859 1,
718 789 777 857 1‚·
804 788 901 842 27:
1024 784 1237 843 fortiter
1274 790 1333 842 et
1370 785 1587 857 ferrum,
1628 804 1827 845 saeuos
1862 791 2136 862 patiemur
2172 796 2230 847 et
2266 792 2440 865 ignes,

523 922 576 961 u.
607 906 701 961 12:
1892 971 1902 980 ⁹
2167 913 2224 964 et
2260 909 2382 980 ipsa

1138 1002 1439 1073 naufragus
1479 1003 1706 1074 Aegaea
1742 1020 1878 1061 uera
1913 1004 2130 1062 fatebar
2154 1023 2300 1077 aqua

445 1132 536 1200 ad
582 1152 836 1202 carmen
884 1131 935 1215 l,
989 1132 1064 1197 17
1113 1130 1427 1198 referendi
1474 1138 1639 1199 sunt.
1733 1133 1912 1200 uides
1959 1134 2101 1201 illos
2149 1156 2370 1203 uersus
2416 1156 2543 1203 non
2583 1141 2710 1204 tam
2748 1137 2914 1224 Cyn-

447 1248 626 1315 thiae
674 1269 861 1334 quam
910 1246 1163 1314 lectoris
1210 1267 1403 1313 causa
1448 1248 1720 1333 scriptos
1768 1268 1925 1316 esse.
2006 1248 2285 1336 alioquin
2334 1252 2498 1318 enim
2548 1251 2916 1339 Propertius

448 1386 576 1432 non
637 1371 817 1432 tanta
872 1385 1012 1432 cum
1073 1385 1225 1432 cura
1280 1364 1423 1430 illos
1477 1364 1647 1431 locos
1692 1367 2096 1452 respexisset.
2180 1369 2246 1456 ‚si
2293 1373 2502 1435 autem
2552 1375 2741 1457 poeta
2787 1393 2911 1439 non

453 1484 652 1549 solum
709 1483 1046 1570 Cynthiam
1108 1482 1360 1567 pristini
1419 1483 1651 1547 amoris
1710 1484 2190 1550 commonefacit
2249 1485 2358 1550 sed
2414 1459 2731 1571 imprimis
2785 1487 2913 1556 lec-

458 1605 655 1665 torem
713 1600 789 1665 ad
849 1599 1038 1686 primi
1096 1598 1239 1664 libri
1298 1597 1529 1681 elegias
1589 1599 1880 1683 ablegat,
1936 1600 2051 1666 hoc
2099 1620 2351 1668 carmen
2401 1604 2506 1668 24.
2555 1603 2911 1671 inedendo

454 1717 640 1784 tertio
689 1716 848 1783 libro
896 1717 939 1782 i.
974 1735 1027 1782 e.
1071 1719 1212 1797 post
1256 1714 1501 1799 reliqua
1548 1717 1721 1781 tertii
1768 1715 1913 1782 libri
1962 1718 2242 1783 carmina
2284 1722 2360 1783 ut
2407 1723 2552 1804 apte
2600 1719 2704 1785 ille
2750 1719 2914 1787 liber

450 1831 739 1899 finiretur
793 1833 1027 1898 factum
1080 1852 1217 1898 esse
1266 1836 1547 1916 apparet.
1640 1832 1707 1897 id
1755 1852 2002 1918 quoque
2050 1853 2128 1899 ex
2176 1834 2392 1901 eadem
2442 1856 2512 1901 re
2557 1836 2910 1919 colligimus
2950 1849 2953 1852 “

452 1968 705 2014 carmen
779 1950 864 2015 25
903 1968 1042 2014 cum
1115 1968 1168 2013 c.
1214 1948 1301 2012 24
1372 1948 1769 2013 coniunctum
1840 1969 2029 2014 unam
2105 1949 2368 2032 elegiam
2427 1970 2563 2018 esse
2619 1988 2704 1997 -
2763 1972 2906 2017 nam

453 2083 706 2134 carmen
775 2064 1035 2131 finiendi
1104 2064 1247 2131 libri
1321 2085 1513 2131 causa
1566 2064 1781 2131 fictum
1841 2066 2028 2132 etiam
2089 2065 2213 2133 fine
2271 2067 2415 2133 libri
2474 2067 2597 2149 legi
2658 2071 2910 2135 necesse

450 2187 547 2249 est
578 2219 665 2228 —
697 2182 862 2268 quod
910 2183 1036 2247 iam
1082 2185 1270 2247 antea
1302 2180 1456 2247 mihi
1491 2183 1742 2266 quidem
1780 2186 2040 2268 propter
2071 2189 2274 2249 artam
2306 2184 2527 2249 harum
2565 2184 2909 2268 elegiarum

448 2299 914 2366 cohaerentiam
964 2298 1389 2365 certissimum
1438 2297 1791 2364 uidebatur.
1886 2305 2220 2385 postquam
2272 2299 2436 2366 euim
2490 2301 2596 2384 24,
2649 2275 2908 2366 154—'18

453 2435 520 2481 se
567 2423 817 2502 portum
869 2415 1155 2495 attigisse
1205 2413 1569 2495 exsultauit‚
1622 2415 1728 2495 24,
1767 2415 2051 2499 19—25,
2083 2419 2126 2480 4
2173 2435 2242 2482 se
2288 2421 2360 2482 ut
2403 2436 2569 2483 nunc
2615 2417 2780 2483 bona
2818 2419 2910 2484 ita

449 2536 634 2598 antea
680 2533 905 2597 insana
950 2535 1160 2596 mente
1207 2530 1403 2595 fuisse
1451 2530 1729 2614 exponit.

631 2647 741 2715 sed
775 2648 924 2714 licet
957 2648 1098 2713 aliis
1132 2646 1249 2713 hoc
1282 2646 1446 2731 quod
1481 2647 1665 2712 modo
1700 2647 1960 2733 exposui
1998 2647 2206 2713 minus
2240 2648 2564 2733 probabile
2595 2649 2906 2735 uideatur,

453 2766 517 2833 id
567 2772 777 2832 tamen
825 2786 1008 2832 nemo
1059 2763 1315 2846 negabit
1360 2763 1644 2830 carmina
1691 2765 1796 2829 24.
1829 2765 1934 2831 25.
1984 2770 2130 2850 post
2160 2783 2247 2830 cc.
2282 2766 2344 2830 4.
2395 2764 2438 2830 5
2486 2765 2718 2852 scripta
2749 2785 2904 2834 esse.

452 2883 729 2969 alioquin
789 2884 953 2950 enim
1014 2881 1140 2948 alia
1200 2902 1251 2948 s.
1287 2880 1449 2947 aliae
1504 2880 1752 2966 puellae
1811 2886 2049 2964 essent,
2106 2862 2197 2947 de*
2240 2881 2465 2965 quibus
2520 2880 2585 2945 in
2633 2899 2721 2947 cc.
2756 2882 2818 2947 4.
2866 2883 2908 2949 5

451 3006 640 3086 poeta
683 2998 980 3084 loquitur.
1075 2998 1186 3064 sed
1235 2997 1465 3064 Sextus
1513 2996 1851 3082 Cynthiam
1899 2997 2076 3063 illam
2125 3017 2263 3065 esse
2308 2996 2607 3065 lectorem
2656 2999 2909 3066 credere

447 3117 669 3202 uoluit,
718 3135 856 3183 cum
908 3114 1143 3180 diceret
1189 3112 1300 3197 ΙΙΙ,
1348 3114 1413 3197 2,
1467 3113 1567 3179 15.
1624 3115 1704 3178 16

1017 3253 1298 3311 fortunata
1334 3269 1458 3310 meo
1495 3254 1540 3310 si
1578 3268 1690 3323 qua
1727 3257 1812 3309 est
1852 3252 2128 3310 celebrata
2164 3253 2373 3310 libello!

1124 3354 1368 3409 carmina
1404 3358 1565 3409 erunt
1601 3351 1809 3409 formae
1845 3356 1931 3407 tot
1967 3353 2304 3408 monimenta
2338 3357 2482 3408 tuae.

447 3486 555 3552 sed
614 3490 710 3551 u't‘
739 3483 1155 3551 concedamus
1184 3515 1186 3517 ·
1213 3481 1351 3548 fieri
1412 3501 1597 3567 posse
1652 3485 1724 3546 ut
1782 3485 1968 3566 poeta
2020 3481 2233 3546 fucum
2277 3478 2619 3546 lectoribus
2665 3478 2906 3563 fecerit,

450 3608 662 3668 tamen
710 3619 913 3685 neque
960 3596 1287 3684 probabile
1336 3602 1432 3663 est
1464 3617 1627 3682 eum,
1677 3597 1784 3682 qui
1819 3602 1995 3663 tanta
2027 3616 2165 3662 cum
2203 3594 2676 3682 perturbatione
2709 3593 2905 3660 animi

450 3721 747 3801 quantam
795 3716 862 3779 in
909 3733 998 3781 cc.
1043 3715 1147 3780 24.
1191 3716 1282 3780 ’25
1332 3711 1704 3780 haberemus
1752 3712 2027 3800 puellam
2076 3713 2464 3798 reliquisset,
2529 3711 2761 3779 amoris
2807 3711 2911 3776 sui>

445 3830 692 3899 libellos
748 3829 929 3898 finire
1000 3836 1065 3898 et
1110 3831 1294 3898 edere
1339 3829 1649 3916 noluisses,
1707 3850 1912 3915 neque
1962 3814 2101 3896 eum
2153 3830 2259 3915 qui
2308 3835 2437 3895 tam
2485 3829 2650 3894 irato
2697 3827 2906 3894 animo

451 3959 726 4016 amorem
776 3948 1122 4016 detestatus
1168 3948 1254 4015 sit
1297 3947 1510 4035 paullo
1556 3952 1702 4034 post
1744 3947 1836 4030 (in
1870 3966 1924 4012 c.
1957 3946 2022 4028 5)
2057 3951 2254 4012 totam
2286 3946 2485 4012 uitam
2519 3944 2718 4011 amori
2753 3943 2904 4011 dare

445 4066 609 4133 uelle
666 4070 922 4150 tamque
979 4065 1220 4134 felicem
1279 4071 1342 4133 et
1395 4066 1675 4150 quietum
1736 4085 1874 4132 esse
1922 4084 2111 4149 quam
2157 4062 2522 4149 Propertius
2569 4061 2634 4127 in
2683 4059 2901 4147 quinto

444 4182 724 4251 carmine
770 4186 887 4250 est.
