3428 5235
1599 321 1762 382 '41

502 497 897 582 praerumpit
942 502 1006 562 et
1053 496 1131 561 ad
1179 497 1565 583 propositam
1617 498 2043 563 narrationem
2079 497 2262 564 redit.
2311 500 2579 584 denique
2612 520 2832 566 uersus
2863 504 2948 568 57

501 633 611 680 our
658 618 806 698 apte
855 618 1221 698 sequeretur
1269 619 1413 698 post
1458 635 1518 679 u.
1570 616 1654 681 56
1703 614 1829 679 iam
1880 614 2249 696 significaui.

674 732 740 799 in
789 732 975 796 tertio
1024 731 1334 814 carmine,
1391 732 1458 795 in
1504 752 1625 814 quo
1673 730 2115 797 Lachmannus
2173 732 2332 797 nihil
2379 732 2734 815 castigauit,
2783 723 2952 811 quod
3033 770 3038 779 ·

499 867 613 930 ego
660 847 847 911 unius
891 844 1014 912 loci
1061 848 1400 930 castigator
1446 849 1651 914 existo
1702 848 1887 914 uelim
1950 848 2103 913 mihi
2161 851 2540 932 ignoscatur.
2635 844 2951 913 Arethusa

499 970 663 1034 enim
712 987 850 1032 cum
903 965 1069 1029 dicat
1115 986 1176 1030 u.
1231 968 1301 1029 11
1356 967 1587 1031 haecne
1628 969 1863 1031 marita
1890 968 2056 1049 fides
2089 966 2453 1049 indignatur
2484 965 2648 1050 quod
2682 960 2948 1026 maritus

495 1087 536 1152 i.
572 1105 627 1149 e.
659 1083 760 1148 uir
807 1089 1024 1148 sancto
1071 1081 1433 1167 Hymenaeo
1482 1083 1602 1147 sibi
1651 1085 2020 1148 coniunctus
2079 1104 2146 1148 se
2194 1083 2540 1168 reliquerit.
2631 1075 2947 1162 imprimis

497 1210 705 1270 autem
755 1220 878 1265 non
927 1197 1253 1283 perfidiam
1300 1198 1411 1264 sed
1459 1200 1741 1281 coniugis
1789 1198 2115 1285 perfidiam
2165 1200 2451 1265 uersibus
2504 1200 2582 1265 11
2634 1203 2696 1261 et
2747 1194 2827 1257 12
2869 1188 2946 1256 ab

495 1317 809 1385 Arethusa
856 1316 1164 1397 exagitari
1215 1335 1286 1379 eo
1335 1315 1669 1398 colligitur,
1720 1317 1882 1401 quod
1932 1316 2117 1398 longa
2146 1315 2420 1401 Lycotae
2454 1336 2629 1380 mora
2660 1310 2948 1377 uersibus

503 1435 761 1502 13—16
811 1454 888 1498 ex
934 1432 1120 1496 malis
1166 1433 1524 1513 nuptiarum
1576 1433 1890 1496 ominibus
1938 1433 2304 1518 explicatur.
2386 1432 2494 1498 sed
2545 1430 2597 1495 si
2632 1425 2948 1493 Arethusa

494 1552 705 1617 mariti
755 1549 955 1614 scelus
1006 1570 1107 1613 uu.
1160 1550 1229 1611 11
1287 1554 1350 1613 et
1402 1551 1501 1612 1⁶2.
1550 1551 1930 1632 exprobrare
1963 1549 2183 1631 uoluit,
2233 1550 2517 1634 potuitne
2553 1546 2666 1610 hoc
2697 1544 2944 1624 langui-

495 1671 635 1734 dius
683 1667 1010 1732 instituere
1082 1684 1267 1748 quam
1330 1666 1384 1729 si
1430 1666 1492 1729 in
1554 1665 1751 1730 altero
1812 1667 2119 1730 enuntiati
2177 1665 2455 1757 membro
2520 1663 2772 1728 omnino
2820 1680 2942 1725 non

493 1784 1008 1851 commemorauit
1055 1781 1351 1867 nuptias?

1347 1942 1410 1950 -—
1451 1917 1507 1965 et
1543 1917 1738 1980 pactae
1777 1918 1904 1965 sunt
1942 1912 2068 1964 mihi
2108 1916 2314 1980 nocteS‚

1059 2026 1179 2063 cnm
1220 2009 1368 2063 rudis
1411 2011 1622 2078 urgenti
1663 2009 1919 2063 bracchia
1959 2012 2104 2063 uicta
2141 2010 2308 2063 dedi?

487 2135 702 2216 itaque
750 2131 1078 2196 uideamus
1124 2149 1273 2194 num
1325 2130 1524 2194 accita
1571 2129 1803 2193 codicis
1837 2129 2236 2212 Neapolitani
2283 2128 2550 2193 lectione
2598 2130 2749 2192 auia
2783 2125 2942 2190 hanc

490 2251 809 2315 notionem
858 2248 923 2311 in
975 2247 1382 2331 posteriorem
1433 2266 1653 2310 uersus
1708 2247 1782 2309 11
1838 2251 2079 2330 partem
2131 2245 2359 2310 inferre
2392 2246 2724 2329 possimus,
2797 2264 2941 2308 nam

489 2365 654 2449 quod
702 2363 890 2447 uulgo
938 2363 1233 2428 scribitur
1281 2376 1338 2427 et
1363 2376 1590 2448 pactae
1620 2376 1768 2427 sunt
1798 2364 1958 2427 mihi
1986 2377 2192 2427 noctes
2227 2369 2289 2427 et
2323 2362 2488 2446 quod
2521 2361 2941 2426 Baehrensius

490 2504 565 2550 ex
614 2481 930 2546 codicibus
963 2479 1020 2545 D
1058 2479 1107 2541 V
1142 2479 1493 2563 desumpsit
1538 2481 1654 2544 hae
1699 2492 1846 2543 sunt
1880 2493 2110 2565 pactae
2138 2481 2298 2543 mihi
2324 2491 2530 2544 noctes
2562 2477 2942 2562 interpolata

491 2619 627 2665 esse
675 2602 942 2684 apparet
988 2616 1188 2680 neque
1238 2597 1470 2680 qui‘ex
1520 2596 1615 2660 his
1648 2595 2020 2661 lectionibus
2066 2600 2220 2661 auia
2267 2602 2470 2661 ortum
2514 2596 2596 2660 sit
2629 2594 2940 2660 enucleari

487 2715 739 2801 poterit.
833 2714 1045 2778 Etiam
1094 2712 1355 2799 Hauptii
1415 2714 1836 2778 coniecturam
1897 2727 1954 2778 et
2006 2726 2231 2799 pactae
2283 2716 2355 2777 in
2411 2716 2598 2778 sauia
2651 2727 2857 2778 noctes
2906 2731 2942 2775 a

488 2831 697 2897 Leone
747 2836 809 2896 et
840 2830 1217 2912 Kiesslingio
1263 2833 1628 2916 nuperrime
1675 2829 1996 2895 laudatam
2045 2850 2166 2895 non
2204 2851 2459 2915 possum
2495 2830 2643 2914 quin
2677 2829 2942 2895 reicien-

487 2949 630 3013 dam
681 2969 817 3014 esse
865 2947 1150 3013 arbitrer.
1233 2949 1502 3033 primum
1554 2948 1721 3011 enim
1762 2947 2077 3012 Vahlenus
2125 2947 2279 3011 illud
2317 2961 2548 3034 pactae
2597 2946 2750 3011 adeo
2799 2965 2938 3010 cum

490 3067 700 3131 uerbis
749 3069 818 3130 in
865 3069 1050 3129 sauia
1097 3064 1275 3149 quasi
1323 3065 1389 3127 in
1436 3084 1626 3128 unum
1678 3070 1846 3129 co'ire
1895 3071 2073 3147 putat
2121 3069 2190 3127 ut
2238 3063 2401 3146 quod
2456 3068 2753 3147 sequatur
2800 3086 2941 3127 cum

489 3184 607 3250 tibi
657 3185 909 3268 umenti
960 3183 1256 3246 bracchia
1303 3184 1472 3245 uicta
1521 3184 1670 3245 dedi
1718 3182 1840 3244 iam
1894 3200 2013 3243 non
2074 3200 2109 3245 a
2156 3200 2309 3244 uoce
2372 3193 2601 3267 pactae
2668 3177 2940 3263 pendere

489 3299 703 3384 possit.
829 3297 1054 3363 deinde
1124 3298 1187 3362 id
1249 3297 1531 3363 effectum
1595 3317 1719 3362 non
1780 3318 1916 3364 esse
1973 3298 2223 3362 uidetur
2294 3298 2458 3382 quod
2528 3296 2936 3379 desideratur,

486 3414 847 3500 nuptiarum
903 3414 1040 3478 dico
1087 3415 1488 3479 mentionem.
1570 3420 1891 3499 postremo
1939 3420 2126 3481 sauia
2175 3436 2211 3479 a
2252 3415 2476 3498 grandi
2513 3419 2574 3479 et
2607 3410 2936 3495 magnifico

485 3530 669 3616 huius
716 3531 834 3595 loci
882 3530 1128 3596 dicendi
1177 3551 1403 3613 genere
1452 3531 1807 3596 abhorrent.

663 3623 882 3731 Itaque
928 3648 1017 3712 sio
1066 3648 1293 3713 scribe:

949 3778 1155 3832 haecne
1194 3779 1390 3832 marita
1426 3777 1564 3833 fides
1604 3783 1659 3833 et
1697 3784 1893 3847 pactae
1932 3780 2058 3833 aula
2100 3778 2226 3832 mihi
2266 3783 2473 3847 nocteS,

1019 3892 1140 3929 cum
1182 3877 1333 3929 rudis
1372 3878 1587 3945 urgenti
1627 3876 1882 3930 bracchia
1921 3878 2068 3930 uicta
2106 3877 2271 3930 dedi?

661 3996 894 4062 haecne
943 4002 1048 4060 tua
1098 3996 1250 4061 mihi
1300 4003 1512 4061 sancte
1561 3998 1872 4080 desponsa
1903 3996 2081 4077 fides,
2130 3997 2327 4061 haene
2360 3995 2506 4061 illae
2539 4001 2752 4061 noctes
2780 4014 2934 4078 quas

482 4117 630 4178 tuno
677 4112 830 4177 mihi
877 4113 940 4178 in
991 4112 1150 4177 atrio
1201 4114 1570 4198 promisisti,
1624 4133 1764 4179 eum
1817 4114 1992 4196 uirgo
2049 4113 2342 4178 maritum
2403 4119 2463 4178 te
2511 4118 2725 4178 secuta
2771 4133 2931 4177 sum.

483 4233 669 4314 atque
717 4230 805 4294 de-
842 4228 998 4293 aula-
1031 4231 1083 4294 si
1133 4231 1404 4312 quaeris²
1453 4231 1606 4295 satis
1655 4230 1776 4295 erit
1806 4229 2052 4295 Horatii
2085 4231 2479 4296 decantatum
2514 4228 2696 4294 illud:
2746 4232 2934 4295 lectus

476 4323 765 4433 yenialis
795 4350 864 4410 in
912 4348 1063 4410 aula
1112 4360 1215 4411 est.
1312 4347 1438 4411 iam
1490 4348 1672 4411 metri
1721 4346 2154 4413 difficultatem
2201 4347 2538 4429 infringam
2597 4348 2686 4411 ita
2741 4353 2810 4410 ut
2866 4347 2931 4411 in

482 4463 797 4548 prioribus
845 4462 1046 4528 tribus
1092 4461 1270 4529 libris
1319 4470 1413 4530 ter
1461 4471 1605 4530 ante
1653 4464 2030 4549 disyllabum
2082 4465 2335 4548 quintae
2384 4464 2629 4529 theseos
2664 4462 2931 4528 uocabu-

480 4578 607 4644 lum
669 4578 1408 4665 hypermonosyllabum,
1486 4580 1705 4647 nouies
1780 4579 2275 4665 monosyllabum
2332 4599 2656 4647 occurrere
2705 4580 2928 4646 dicam.

2843 4843 2936 4896 'A‘

3223 4579 3333 4706 Ἀ
