3428 5235
1673 333 1761 395 44

493 506 830 587 Herculem
865 526 1047 572 nemo
1082 506 1354 573 uicisset.
1414 506 1633 585 uersus
1668 515 1874 576 autem
1904 512 1987 577 35
2020 517 2316 578 sonantia
2337 512 2785 598 Hertzbergius
2816 537 2939 582 non

491 626 654 689 male
725 622 1024 689 defendit.

673 740 736 819 in
788 739 1027 805 decimo
1077 741 1352 820 carmine
1400 741 1670 826 primum
1720 742 1804 824 (u.
1841 744 1905 825 5)
1941 745 2406 829 reprehendunt
2436 748 2665 812 imbuis
2687 751 2941 835 primae

487 859 675 922 huius
698 857 957 944 palmae
989 858 1355 944 exemplum.
1406 858 1517 935 sed
1551 865 1618 922 ut
1646 863 1850 925 iactus
1865 884 1991 946 per
2013 862 2308 927 bracchia
2321 863 2654 946 falluntur
2679 864 2718 928 i.
2749 885 2799 931 e.
2827 885 2940 950 per

488 972 806 1053 bracchia,
878 979 948 1037 ut
1016 973 1175 1037 alter
1240 973 1434 1058 pilam
1500 976 1790 1040 manibus
1849 996 1972 1041 non
2030 979 2335 1063 excipiat,
2407 978 2681 1045 fallendo
2736 981 2938 1046 iactus

487 1088 841 1154 efficiuntur
899 1086 1043 1173 (III,
1108 1091 1221 1169 14,
1280 1092 1403 1172 5.)‚
1477 1095 1548 1155 ut
1613 1094 1796 1157 siccis
1869 1094 2081 1158 oscula
2129 1096 2304 1178 falle
2361 1099 2539 1181 penis
2606 1102 2704 1162 est
2756 1100 2938 1163 siccis

483 1210 662 1292 yonis
712 1207 924 1271 oscula
974 1208 1192 1283 dando⁴
1214 1207 1388 1289 falle
1435 1206 1568 1289 (IV,
1608 1210 1711 1290 11,
1748 1210 1880 1290 80),
1930 1209 2020 1275 sic
2049 1211 2279 1275 imbuis
2311 1214 2661 1298 exemplum
2687 1217 2938 1300 primae

485 1324 672 1401 huius
738 1323 993 1409 palmae
1059 1320 1368 1403 significat
1422 1326 1709 1409 primum
1770 1326 2118 1411 exemplum
2175 1328 2363 1392 huius
2409 1329 2670 1413 palmae
2723 1332 2935 1396 dando

482 1439 714 1504 imbuis
760 1439 921 1518 hanc
963 1440 1266 1525 palmam.
1341 1438 1532 1503 simili
1581 1441 1767 1505 modo
1816 1441 2045 1506 dicitur
2081 1457 2410 1530 pastorem
2458 1446 2710 1525 curare,
2771 1445 2935 1527 quod

479 1578 698 1641 qreqes
767 1557 1049 1621 curando
1117 1569 1433 1641 pastorem
1503 1579 1630 1622 esse
1689 1557 1834 1640 (IV,
1883 1561 1953 1641 2,
2004 1561 2118 1637 39)
2182 1566 2244 1625 et
2281 1562 2506 1644 fastus
2564 1575 2759 1627 terere
2803 1563 2844 1627 i.
2880 1581 2931 1627 e.

486 1674 738 1738 terendo
788 1684 1029 1758 tempus
1059 1673 1429 1755 fastuosam
1476 1696 1603 1737 esse
1653 1672 1785 1755 (ΙΙΙ,
1824 1677 1925 1756 13,
1969 1676 2091 1752 10).
2150 1676 2373 1742 deinde
2402 1698 2462 1741 u.
2497 1679 2586 1743 40
2627 1677 2765 1743 uoci
2797 1701 2935 1744 cum

482 1788 610 1851 iam
657 1784 1096 1853 Lachmannus
1145 1790 1575 1872 patrocinatus
1624 1795 1737 1854 est.
1811 1790 2079 1874 denique
2126 1792 2190 1855 in
2240 1792 2525 1858 uersibus
2574 1795 2681 1859 43.
2717 1796 2841 1859 44:

1074 1918 1149 1971 illi
1189 1918 1419 1985 uirgatis
1457 1919 1746 1973 iaculantis
1784 1919 1853 1973 ab
1892 1920 2109 2001 agmine
2145 1919 2357 1976 braccis

1183 2018 1391 2084 torquis
1431 2016 1500 2070 ab
1541 2018 1712 2070 incisa
1749 2017 1967 2071 decidet
2005 2035 2146 2072 unca
2181 2020 2327 2089 gula,

480 2137 601 2201 uiri
651 2137 818 2202 docti
865 2155 986 2200 non
1038 2136 1460 2218 attenderunt,
1511 2136 1673 2219 quod
1707 2136 2075 2222 Propertius
2125 2139 2278 2204 satis
2331 2140 2661 2224 perspicue
2692 2145 2932 2206 mutato

480 2253 849 2336 pronomine
898 2251 1022 2332 (hic
1067 2255 1173 2317 41.
1223 2287 1308 2297 —
1354 2253 1459 2316 illi
1502 2248 1618 2334 43)
1666 2252 2068 2335 significauit,
2114 2257 2218 2319 illi
2261 2254 2340 2319 ad
2392 2254 2722 2321 Claudium
2769 2256 2931 2322 refe-

479 2368 739 2434 rendum
792 2388 947 2433 esse.
2608 2385 2616 2391 ·

656 2464 1363 2552 carmen⁴undecimum
1425 2506 1623 2570 neque
1677 2487 2005 2569 quisquam
2075 2488 2462 2572 uituperauit
2520 2508 2720 2571 neque
2767 2488 2933 2553 inest

477 2603 711 2687 aliquid
786 2604 1250 2689 uituperatione
1320 2603 1575 2685 dignum
1646 2625 1848 2689 neque
1907 2608 2156 2689 poetam
2215 2606 2483 2671 carmen'
2525 2606 2602 2670 ad
2659 2604 2929 2688 Augusti

482 2722 750 2804 gratiam
797 2720 1171 2786 firmandam
1221 2721 1632 2805 compositum
1684 2741 1808 2786 non
1858 2721 2214 2788 elaborasse
2263 2722 2587 2807 probabile
2635 2726 2749 2786 est.

653 2839 863 2921 itaque
910 2858 1050 2902 cum
1100 2842 1368 2902 metrum
1421 2838 1627 2920 quarti
1675 2836 1820 2901 libri
1872 2838 2066 2901 multo
2117 2838 2396 2902 limatius
2429 2839 2512 2904 sit
2545 2858 2729 2921 quam
2765 2845 2930 2903 cete-

472 2974 683 3020 rorum
733 2953 1086 3036 iniuriaque
1131 2952 1242 3016 illa
1290 2953 1502 3016 omnia
1548 2952 1887 3037 opprobrio
1922 2952 2251 3038 Propertio
2301 2954 2446 3018 data
2495 2975 2631 3019 esse
2673 2954 2929 3019 demon-

479 3071 845 3152 strauerim‚
896 3071 972 3137 de
1021 3090 1092 3136 eo
1140 3071 1264 3135 iam
1316 3071 1589 3136 dubitari
1634 3058 1761 3135 non
1810 3072 2043 3156 poterit
2089 3072 2237 3154 quin
2285 3071 2442 3137 liber
2491 3079 2750 3156 quartus
2798 3078 2928 3136 tam

473 3188 782 3273 perfectas
832 3208 1016 3272 quam
1069 3188 1308 3272 priores
1359 3186 1590 3269 elegias
1634 3188 1967 3254 contineat.
2044 3209 2118 3253 ea
2149 3194 2359 3254 tamen
2395 3189 2676 3272 quaestio
2710 3192 2928 3270 restat,

473 3304 580 3387 qui
636 3304 869 3369 factum
921 3304 1005 3370 sit
1050 3309 1120 3369 ut
1163 3302 1607 3368 Lachmannus
1657 3304 1718 3367 in
1771 3304 1933 3369 hunc
1993 3325 2267 3370 errorem
2323 3304 2646 3370 incideret.
2743 3309 2929 3386 atque

469 3420 741 3504 primum
800 3420 966 3485 hunc
1021 3420 1251 3485 librum
1313 3419 1413 3484 uel
1477 3423 1698 3486 αἰτίων
1754 3426 1922 3486 certe
1981 3422 2261 3485 carmina
2322 3420 2518 3486 multo
2567 3421 2929 3486 obscuriora

469 3537 692 3602 ceteris
749 3537 1130 3602 carminibus
1192 3556 1327 3618 esse
1389 3535 1706 3603 confiteor.
1794 3558 1938 3601 nam
2000 3557 2167 3602 nunc
2228 3558 2387 3621 quae
2440 3537 2692 3603 aliunde
2742 3537 2927 3622 plane

467 3653 684 3737 ignota
739 3659 885 3718 sunt
938 3673 1104 3718 nunc
1150 3674 1309 3738 quae
1355 3653 1421 3717 in
1471 3652 1696 3735 angulo
1749 3652 1957 3738 aliquo
2006 3653 2361 3718 litterarum
2412 3654 2785 3720 traditarum
2835 3652 2927 3717 la-

468 3774 602 3835 tent
645 3769 711 3834 in
762 3769 856 3833 his
909 3769 1123 3851 elegiis
1171 3770 1710 3835 commemorauit.
1788 3790 2053 3854 cumque
2089 3770 2319 3835 Sextus
2353 3771 2476 3834 iam
2511 3772 2578 3835 in
2611 3770 2926 3856 prioribus

465 3886 644 3952 libris
692 3887 953 3952 audacia
1000 3887 1268 3970 quadam
1320 3907 1358 3952 a
1406 3886 1666 3970 reliquis
1716 3887 1923 3972 poetis
1972 3886 2222 3952 differat
2268 3907 2383 3952 nec
2430 3907 2681 3972 semper
2731 3884 2925 3971 parti—

466 4002 622 4068 culis
680 4003 1071 4088 interpositis
1119 4024 1376 4089 operam
1427 4004 1531 4069 det
1577 4011 1647 4068 ut
1694 4024 2064 4089 progressus
2112 4004 2569 4071 sententiarum
2616 4002 2832 4069 statim
2886 4022 2924 4067 a

466 4120 688 4204 quouis
735 4120 1158 4204 intellegatur,
1205 4121 1322 4187 hae
1371 4121 1789 4207 proprietates
1839 4141 2055 4186 omnes
2105 4121 2303 4203 magis
2354 4122 2543 4188 etiam
2594 4123 2657 4186 in
2691 4126 2913 4206 quarto

463 4235 624 4301 libro
683 4237 1173 4321 conspiciuntur.
1258 4237 1420 4304 solet
1466 4238 1632 4303 enim
1683 4238 1890 4322 quiuis
1938 4258 2059 4321 quo
2111 4239 2309 4319 magis
2358 4239 2677 4320 ingenium
2728 4237 2913 4322 colat,

467 4373 543 4419 eo
607 4353 853 4436 longius
912 4375 948 4419 a
993 4356 1312 4419 communi
1381 4355 1695 4437 cogitandi
1770 4360 1832 4420 et
1901 4353 2214 4419 scribendi
2287 4355 2527 4420 ratione
2596 4355 2906 4420 recedere.

464 4470 621 4537 tales
681 4470 1081 4538 difficultates
1129 4470 1570 4538 Lachmannus
1628 4478 1882 4538 strenue
1940 4478 2229 4557 suscepto
2279 4477 2342 4538 et
2401 4471 2577 4537 breui
2627 4478 2912 4557 tempore

460 4588 634 4653 finito
703 4607 904 4674 neque
975 4589 1178 4656 hercle
1246 4589 1414 4656 facili
1486 4589 1698 4655 labore
1769 4590 1971 4655 fessus
2027 4594 2366 4674 propterea
2426 4608 2727 4673 superare
2789 4609 2915 4655 non
