3428 5235
1768 339 1848 403 16

582 548 839 628 questus
900 563 1076 608 suam
1137 542 1324 607 fidem
1384 539 1719 622 magnifica
1773 560 1924 606 sane
1994 541 2276 606 oratione
2333 538 2608 605 affirmat
2667 538 3036 624 (29—32).

582 677 704 743 quo
772 679 961 724 uersu
1017 678 1155 724 cum
1213 656 1360 721 fidei
1421 655 1903 720 affirmationem
1965 653 2204 720 finitam
2267 661 2331 720 et
2385 655 2462 720 ad
2522 674 2835 719 summum
2894 674 3038 721 ora-

549 776 772 840 ·tionis
830 774 1153 858 fastigium
1204 779 1573 859 peruentum
1626 790 1764 836 esse
1812 778 2144 857 appareat,
2200 771 2429 835 mirum
2477 771 2542 835 in
2590 770 2843 836 modum
2885 769 3038 839 flac-

535 893 773 959 -cescit
825 894 980 958 haec
1036 890 1348 956 sententia
1399 912 1643 975 semper
1699 889 1911 954 oculos
1967 900 2105 953 tuos
2164 891 2481 974 quamuis·
2498 889 2776 974 perfidos
2829 901 3039 956 tamen

582 1012 831 1090 amabo,
880 1007 1254 1093 praesertim
1305 1025 1446 1070 cum
1494 1004 1602 1069 illo
1647 1028 1801 1069 nam
1848 1004 2012 1088 quod
2059 1004 2250 1069 nimis
2295 1004 2647 1089 pedestrem
2684 1006 3036 1073 orationem

580 1126 790 1211 sapiat
833 1124 1045 1208 inepte
1094 1127 1483 1187 annectatur.
1578 1120 1730 1205 quid
1785 1140 1937 1186 uero
1998 1120 2119 1186 sibi
2175 1123 2313 1186 uult
2368 1122 2423 1185 is
2473 1122 2578 1206 qui
2627 1121 2912 1205 sequitur
2958 1123 3037 1190 de

578 1239 922 1306 luminibus
970 1235 1273 1304 excufsus
1321 1238 1510 1303 nimis
1560 1244 1823 1302 externo
1882 1241 1952 1301 ut
2009 1236 2262 1302 uidetur
2308 1237 2559 1303 uinculo
2607 1237 3036 1322 superioribus

580 1356 875 1423 assutus?
942 1361 1163 1421 contra
1222 1355 1277 1420 si
1333 1359 1477 1440 post
1540 1374 1601 1418 u.
1658 1355 1746 1420 32
1793 1352 2039 1418 finitam
2098 1373 2237 1419 esse
2284 1354 2661 1419 sententiam
2712 1355 3026 1440 ponimus,

577 1474 870 1540 restituto
919 1470 1220 1538 uocabulo
1268 1470 1432 1554 quod
1480 1476 1576 1535 est
1620 1470 1740 1536 tibi
1781 1475 2033 1555 poetam
2067 1468 2373 1555 Cynthiae
2421 1491 2459 1536 a
2498 1492 2558 1536 u.
2594 1472 2857 1537 33-38
2903 1472 3015 1535 mi-

578 1591 718 1655 nari
764 1588 1167 1653 manifestum
1217 1595 1345 1653 est:
1395 1606 1537 1652 cum
1585 1587 1897 1651 iuraueris
1945 1591 2016 1651 ut
2047 1586 2271 1671 perfidi
2303 1587 2466 1653 oculi
2500 1587 2613 1654 tibi
2648 1587 3026 1672 exciderent,

580 1725 733 1771 caue
780 1725 858 1769 ne
905 1703 997 1768 illi
1045 1701 1206 1768 oculi
1247 1701 1414 1771 ,uiles
1462 1702 1578 1767 tibi
1629 1702 1994 1781 uideantur3
2044 1707 2192 1767 sunt
2238 1704 2402 1769 enim
2438 1703 2597 1770 uiles
2630 1715 2691 1771 et
2725 1704 3033 1772 excident.

580 1842 766 1907 quam
818 1820 1191 1886 sententiam
1240 1818 1406 1903 quod
1455 1819 1659 1884 editor
1690 1819 2092 1903 nuperrimus
2124 1839 2239 1904 per
2269 1822 2421 1885 dum
2450 1840 2588 1886 cum
2623 1822 3039 1907 praecedente

582 1938 904 2003 enuntiato
951 1936 1299 2019 coniunxit,
1348 1936 1502 2000 satis
1551 1936 1830 2021 ineptam
1880 1917 2310 2021 exceptionem
2353 1937 2702 2019 magnificis
2734 1939 2862 2004 illis
2894 1959 3037 2006 uer-

580 2054 753 2121 sibus
801 2053 1060 2118 addidit.
1153 2071 1298 2116 nam
1350 2051 1754 2117 aduersatiua
1810 2051 2121 2137 particula
2176 2072 2466 2137 egemus,
2525 2061 2598 2120 ut
2651 2075 2825 2120 suam
2893 2049 3041 2122 huic

580 2170 715 2235 loco
761 2169 965 2235 lucem
1016 2166 1372 2233 reddamus.
1450 2187 1654 2250 neque
1701 2165 1958 2231 dubium
2009 2173 2106 2233 est
2150 2168 2300 2252 quin
2333 2168 2698 2254 Propertius
2745 2186 2813 2238 at
2853 2172 3040 2239 ualde

580 2286 702 2353 sibi
760 2285 1123 2351 adamatum
1180 2282 1584 2369 praetulerit,
1654 2301 1798 2349 cum
1855 2286 1968 2349 sed
2018 2284 2128 2347 uix
2196 2288 2411 2350 utatur
2464 2285 2589 2349 nisi
2658 2289 3036 2355 sententiam

584 2407 1008 2489 praerumpat.
1103 2402 1230 2466 iam
1289 2400 1485 2483 igitur
1531 2399 1736 2465 scribe
1783 2413 1851 2465 at
1894 2401 2027 2465 tibi.
2120 2420 2269 2465 nam
2335 2399 2811 2470 similitudinem
2869 2404 3039 2474 litte-

582 2540 798 2586 rarum
844 2518 1053 2585 curari
1097 2521 1356 2604 propter
1402 2540 1595 2603 quam
1640 2536 1862 2583 uersus
1909 2518 1990 2582 31
2042 2535 2166 2582 non
2213 2537 2466 2584 necesse
2513 2523 2627 2585 est.

659 2653 735 2722 11,
775 2653 825 2722 1,
861 2652 949 2707 31.
1026 2655 1124 2706 aut
1159 2664 1411 2704 canerem
1449 2650 1769 2720 Aegyptum
1807 2655 1867 2705 et
1901 2649 2103 2720 Nilum,
2141 2665 2266 2706 cum
2303 2656 2514 2707 tractus
2550 2652 2606 2707 in
2644 2652 2834 2709 urbem

1082 2753 1294 2819 septem
1332 2748 1565 2817 captiuis
1601 2748 1797 2804 debilis
1833 2748 1950 2804 ibat
1985 2749 2160 2819 aquis.

589 2868 744 2935 haec
790 2867 1181 2950 Groningani
1225 2866 1410 2933 lectio
1460 2886 1841 2953 quamquam
1892 2868 2028 2934 sine
2074 2867 2414 2936 offensione
2458 2874 2574 2952 est,
2622 2867 2778 2934 nulli
2826 2873 3034 2935 tamen

586 2985 909 3067 continget
964 2988 1035 3049 ιιι
1081 2984 1247 3050 unde
1291 2982 1694 3070 Neapolitani
1743 2997 2046 3052 attractus
2093 2989 2339 3054 uenerit
2380 2985 2670 3072 explicet.
2751 2986 2862 3052 sed
2908 2984 3040 3051 edi-

586 3101 742 3167 toris
788 3101 1139 3188 nuperrimi
1184 3114 1430 3168 atratus
1478 3103 1746 3189 probare
1794 3122 2052 3188 nequeo.
2147 3125 2293 3170 nam
2341 3103 2680 3170 simulacra
2708 3102 3039 3169 fluminum

592 3217 846 3284 ferculis
894 3238 1009 3304 per
1057 3218 1445 3304 triumphum
1491 3217 1623 3283 lata
1667 3255 1756 3264 —
1804 3223 2009 3301 agitur
2056 3220 2222 3285 enim
2279 3220 2356 3285 de
2402 3219 2675 3302 Augusti
2721 3217 3039 3303 triumpho

588 3336 736 3401 anni
788 3335 915 3401 725
964 3370 1043 3382 --
1095 3335 1403 3400 arundine
1450 3338 1515 3399 et
1559 3334 1701 3399 aliis
1743 3340 2007 3399 naturae
2041 3353 2255 3399 eorum
2288 3334 2599 3399 indicibus
2632 3333 3038 3399 ornabantur.

589 3451 900 3536 quomodo
949 3456 1156 3517 autem
1208 3449 1525 3516 communi
1574 3467 1647 3515 ac
1705 3448 1951 3532 uulgari
2012 3450 2389 3515 uestimento
2436 3447 2860 3515 Romanorum
2922 3446 3041 3513 flu-

585 3568 836 3633 uiorum
882 3565 1030 3634 ficta
1076 3567 1321 3653 poetico
1370 3564 1627 3632 artificis
1675 3567 1886 3632 animo
1932 3566 2137 3631 forma
2183 3565 2365 3653 perdi
2424 3571 2487 3633 et
2539 3586 2642 3632 ars
2703 3564 3041 3653 sculptoris

590 3683 788 3749 uelari
833 3681 1082 3768 potuit?
1150 3683 1364 3766 itaque
1410 3682 1682 3749 scribas:
1733 3707 1874 3749 cum
1919 3685 2002 3750 ah.
2032 3698 2268 3751 tractus
2298 3688 2369 3750 in
2399 3686 2616 3751 urbem
2645 3687 2716 3749 ut
2745 3684 2794 3768 I,
2848 3684 2951 3767 11,
2998 3682 3041 3748 5

591 3820 669 3865 ex
700 3797 1102 3884 Neapolitani
1148 3800 1461 3864 adducere
1504 3808 1673 3865 recte
1721 3800 1804 3866 αῘι
1845 3803 2070 3868 ducere
2098 3801 2457 3868 restitutum
2493 3806 2608 3868 est.
2681 3802 2838 3868 iram
2873 3802 3039 3867 enim

591 3922 654 3982 et
701 3914 1122 3981 contumeliae
1168 3914 1339 3980 illius
1387 3913 1774 4002 uoluptatem
1824 3916 1982 3983 illud
2028 3919 2111 3983 αΙι
2157 3916 2469 4003 significat
2516 3925 2587 3982 ut
2630 3916 2710 4001 11,
2768 3919 2878 4000 33,
2934 3918 3041 3982 11:

1159 4034 1230 4089 ah
1267 4036 1523 4104 quotiens
1559 4038 1782 4106 quernis
1818 4039 2027 4095 laesisti
2064 4038 2350 4096 frondibus
2387 4054 2500 4096 ora.

661 4137 719 4189 et
753 4133 853 4203 111,
890 4132 978 4203 25,
1017 4134 1117 4188 14:
1155 4132 1226 4188 ah
1264 4134 1491 4205 speculo
1526 4151 1695 4206 rugas
1733 4138 2096 4208 increpitante
2133 4139 2253 4196 tibi.

663 4231 738 4302 11,
775 4232 863 4302 24,
902 4232 951 4285 1.
1024 4231 1113 4287 Tu
1148 4233 1404 4304 loqueris,
1440 4248 1566 4289 cum
1653 4235 1732 4290 sis
1768 4234 1819 4291 G
1842 4237 1950 4292 iam
1989 4242 2121 4294 noto
2157 4236 2346 4294 fabula
2380 4237 2519 4294 libro

1591 4234 1613 4403 ξ
1647 4334 1722 4389 sit
1757 4333 1807 4390 N

1122 4431 1181 4483 et
1216 4434 1313 4484 tua
1348 4429 1422 4484 sit
1456 4433 1576 4485 toto
1615 4430 1854 4501 Cynthia
1890 4433 2035 4487 lecta
2070 4430 2228 4488 foro?

1017 4527 1148 4596 quoi
1184 4542 1293 4583 non
1331 4526 1417 4584 his
1452 4528 1638 4584 uerbis
1674 4535 1937 4600 aspergat
1971 4535 2221 4601 tempora
2256 4530 2462 4586 sudor?

1126 4631 1223 4681 aut
1257 4626 1435 4696 pudor
1468 4629 1744 4697 ingenuus
1780 4632 1877 4684 aut
1911 4629 2225 4685 reticendus
2260 4644 2430 4685 amor.
