3428 5235
1753 331 1836 395 28

640 507 737 578 111,
773 507 860 577 25,
897 508 957 564 3:
1020 505 1261 576 quinque
1296 503 1401 560 tibi
1437 503 1594 575 potui
1630 504 1836 560 seruire
1873 502 2104 558 fideliter
2139 517 2331 558 annos.

640 627 698 678 et
732 622 834 693 111,
875 623 959 685 16,
997 622 1059 677 9:
1130 635 1419 691 peccaram
1457 620 1627 675 semel
1664 624 1722 674 et
1757 623 1935 674 totum
1973 634 2094 673 sum
2133 620 2324 689 pulsus
2360 619 2417 674 in
2454 633 2673 674 annum.

747 754 935 835 atque
964 747 1406 815 Lachmannus
1454 748 1561 833 qui
1607 752 1851 833 septem
1899 747 2133 813 amoris
2181 765 2378 812 annos
2425 764 2540 832 pro
2589 745 2864 831 quinque
2896 749 3024 811 sta·
3092 801 3096 805 .

568 867 693 933 tuit
738 872 1000 953 excepto
1048 865 1296 932 discidii
1328 864 1498 931 illius
1530 885 1654 930 uno
1687 884 1878 947 anno,
1925 863 2144 950 procul
2178 862 2365 929 dubio
2398 861 2774 946 grauissime
2805 866 3024 928 contra

570 1003 823 1050 uersum
893 982 1103 1069 priore
1160 981 1293 1049 loco
1369 980 1643 1068 positum
1713 982 2017 1067 peccauit.
2116 982 2363 1062 rectius
2418 978 2877 1062 Hertzbergius
2934 979 3025 1044 ita

570 1101 921 1168 carminum
993 1104 1281 1185 tempora
1346 1099 1615 1164 rimatus
1676 1104 1775 1164 est
1841 1103 1912 1163 ut
1968 1117 2082 1184 per
2151 1097 2427 1183 quinque
2498 1114 2696 1161 annos
2753 1094 3026 1181 Cynthia

573 1223 785 1283 amata
831 1222 1016 1283 esset.
1097 1215 1209 1283 sed
1255 1216 1359 1282 hic
1401 1216 1470 1281 in
1517 1235 1591 1281 ea
1637 1234 1830 1282 causa
1876 1235 1913 1281 a
1953 1235 2103 1281 uero
2134 1215 2406 1280 fortasse
2437 1213 2830 1280 aberrauerit
2860 1212 3024 1297 quod

569 1332 972 1419 Propertium
1018 1333 1086 1399 in
1133 1352 1321 1399 uersu
1368 1330 1474 1416 111,
1523 1332 1631 1417 25,
1678 1333 1721 1398 3
1771 1328 2033 1398 discidii
2066 1333 2315 1416 tempus
2356 1331 2682 1416 excepisse
2729 1328 2849 1395 sibi
2882 1347 3027 1413 per-

572 1450 789 1517 suasit.
868 1450 936 1516 in
983 1470 1106 1535 qua
1151 1468 1221 1516 re
1252 1448 1729 1515 Lachmannum
1778 1449 2062 1533 sequitur
2110 1447 2217 1533 qui
2248 1466 2312 1533 p.
2344 1445 2553 1512 XXIII
2584 1446 2676 1512 sic
2707 1444 3023 1530 disputat:

574 1570 885 1655 quomodo
916 1572 1081 1634 enim
1108 1568 1511 1655 Propertium
1539 1568 1651 1632 illo
1679 1590 1871 1649 anne,
1911 1590 2035 1653 per
2060 1588 2242 1653 quem
2262 1565 2493 1652 pulsus
2506 1565 2671 1649 fuit,
2718 1559 3029 1650 'Cynthiae

572 1688 870 1751 seruiisse
916 1684 1337 1751 censebimus?
1404 1683 1506 1749 cui
1558 1683 1976 1765 interroganti
2029 1680 2398 1766 responderi
2454 1685 2699 1766 potest:
2771 1698 2851 1744 an
2890 1698 3027 1743 non

575 1806 826 1869 tenetur
871 1800 1131 1867 seruitio
1166 1799 1412 1887 puellae
1444 1799 1779 1866 durissimo
1813 1799 1919 1884 qui
1949 1798 2021 1866 in
2046 1798 2241 1870 ‚uiduo
2272 1797 2434 1865 lecto
2465 1797 2704 1862 frustra
2737 1791 3027 1860 Somnum

575 1918 821 2003 quaerit
866 1918 1223 2003 amorisque
1256 1917 1607 2003 perpetitur
1638 1920 1952 1982 tormenta
1983 1914 2216 1999 omnia,
2262 1913 2507 1997 gaudiis
2537 1912 2770 1977 fruitur
2801 1911 3031 1979 nullis?

570 2035 788 2120 itaque
833 2054 973 2101 cum
1023 2033 1462 2100 Lachmannus
1522 2033 1899 2099 sententiam
1959 2052 2139 2098 suam
2194 2051 2417 2118 parum
2478 2029 3029 2114 demonstrauerit,

572 2151 903 2217 uideamus
948 2150 1073 2236 ipsi
1122 2149 1272 2236 quid
1321 2151 1410 2216 rei
1459 2149 1561 2215 sit.
1657 2154 1845 2233 atque
1893 2148 2123 2215 Sextus
2183 2146 2430 2213 discidii
2481 2167 2712 2213 annum
2760 2147 3030 2213 fortasse

577 2289 702 2335 non
751 2267 917 2334 inter
951 2268 1226 2353 quinque
1256 2265 1399 2331 illos
1432 2271 1847 2349 numerasset,
1895 2266 1949 2330 si
1997 2264 2134 2350 ipse
2166 2263 2496 2349 Cynthiam
2531 2261 2893 2348 reliquisset
2922 2267 3032 2328 aut

575 2384 866 2469 quamuis
913 2404 951 2451 a
999 2382 1271 2469 Cynthia
1324 2380 1545 2469 pulsus
1600 2386 1812 2447 tamen
1867 2382 1965 2447 ira
2021 2386 2371 2446 commotus
2430 2380 2662 2446 amoris
2717 2380 3029 2445 feruorem

574 2501 652 2567 ad
699 2500 857 2567 uiles
905 2500 972 2567 in
1021 2500 1367 2586 quadriuiis
1415 2504 1479 2565 et
1525 2498 1875 2583 angiportis
1921 2503 2224 2581 uagantes
2270 2495 2698 2563 transtulisset
2741 2515 2857 2561 nec
2901 2495 3028 2561 ullo

578 2617 890 2684 desiderio
957 2619 1191 2685 amoris
1246 2616 1560 2683 cruciatus
1618 2621 1801 2682 esset.
1898 2622 1964 2681 at
2009 2614 2282 2702 Cynthia
2340 2613 2585 2700 pepulit
2627 2611 3025 2700 Propertium

574 2754 776 2820 neque
821 2736 991 2801 credi
1056 2739 1265 2821 potest
1321 2754 1463 2800 eum
1519 2738 1809 2819 tempora
1865 2733 1999 2798 irae
2054 2737 2183 2797 tam
2257 2752 2454 2816 aequo
2513 2731 2722 2797 animo
2774 2730 3027 2814 tulisse,

579 2870 962 2936 quamquam
1012 2851 1328 2917 interdum
1379 2870 1502 2915 non
1537 2850 1672 2916 ueri
1701 2848 1972 2914 feruoris
2015 2848 2127 2914 sed
2165 2848 2520 2933 palaestrae
2551 2848 2827 2914 nitorem
2861 2847 3027 2933 apud

578 2970 829 3052 poetam
865 2973 1160 3053 'nostrum
1210 2967 1406 3053 aspici
1437 2967 1729 3034 concedo.
1807 2974 2022 3032 nostro
2056 2964 2307 3050 quidem
2340 2965 2475 3031 loco
2508 2964 2667 3030 illud
2696 2964 3025 3030 discidium

577 3084 879 3150 saeuitiae
938 3083 1246 3169 Cynthiae
1306 3076 1667 3169 exemplum
1724 3089 1838 3149 est.
1944 3083 2050 3168 qui
2107 3086 2317 3148 autem
2380 3087 2639 3168 propter
2697 3081 3027 3147 discidium

576 3219 769 3266 saeua
815 3221 887 3267 ea
935 3221 1072 3268 esse
1117 3202 1324 3288 potuit
1367 3201 1493 3267 nisi
1539 3205 1759 3266 contra
1785 3205 2126 3265 amantem
2158 3205 2221 3267 et
2252 3198 2750 3265 desiderantem?
2816 3199 3031 3284 itaque

576 3316 824 3382 discidii
883 3337 1115 3384 annum
1171 3323 1359 3404 poeta
1416 3317 1481 3382 in
1528 3338 1589 3381 u.
1633 3315 1742 3401 ΙΙΙ,
1802 3316 1920 3400 25,
1979 3318 2020 3381 3
2068 3335 2191 3381 non
2253 3315 2520 3401 excepit.
2613 3316 2777 3402 quod
2839 3316 3029 3382 etiam

579 3434 782 3516 magis
828 3434 1155 3518 intelleges
1202 3435 1256 3500 si
1313 3433 1389 3499 ad
1444 3434 1721 3499 furorem
1775 3431 1948 3498 illius
1994 3431 2115 3498 loci
2165 3433 2476 3498 attendas.
2570 3452 2816 3498 summa
2863 3432 3030 3497 enim

575 3553 676 3617 ira
733 3551 1032 3616 incitatus
1094 3556 1301 3636 poeta,
1359 3571 1501 3618 cum
1564 3551 1946 3617 describeret
2007 3570 2191 3634 quam
2256 3550 2467 3635 puella
2525 3549 2593 3615 in
2652 3548 3028 3615 fidissimum

580 3671 642 3733 et
687 3668 1267 3734 constantissimum
1317 3674 1662 3733 amatorem
1696 3666 1968 3733 crudelis
1997 3667 2241 3750 fuisset,
2289 3673 2457 3733 certe
2488 3666 2788 3732 maiorem
2823 3667 3031 3753 potius

581 3802 766 3869 quam
816 3782 1123 3850 minorem
1158 3804 1465 3849 annorum
1499 3803 1830 3849 numerum
1863 3784 2094 3868 posuit.
2173 3802 2376 3867 neque
2415 3783 2608 3865 igitur
2639 3788 2777 3849 octo
2810 3803 3029 3866 annos,

581 3906 651 3965 ut
692 3898 1135 3965 Lachmannus
1183 3902 1428 3984 statuit,
1476 3920 1679 3985 neque
1711 3921 1873 3984 sex,
1932 3906 2005 3965 ut
2048 3898 2534 3983 Hertzbergius‚
2589 3899 2699 3966 sed
2757 3899 3032 3984 quinque

580 4022 767 4102 poeta
813 4015 1148 4102 Cynthiam
1200 4017 1460 4083 amauit.

1777 4226 1837 4290 3.

762 4357 1095 4422 nunciam
1146 4357 1316 4424 omni
1363 4358 1426 4423 ui
1473 4357 1796 4424 nitendum
1857 4360 1952 4422 est
2007 4361 2078 4421 ut
2133 4355 2405 4441 primam
2461 4355 2649 4441 primi
2704 4355 2849 4421 libri
2908 4355 3033 4421 ele-

580 4473 750 4556 giam
810 4479 980 4540 recte
1037 4475 1541 4561 interpretemur.
1646 4481 1835 4559 atque
1894 4479 1964 4538 ut
2014 4473 2140 4538 iam
2200 4473 2381 4538 initio
2438 4474 2801 4538 sententiae
2859 4492 3034 4538 meae

585 4610 894 4656 summam
942 4610 1200 4677 ponam,
1250 4591 1404 4658 haec
1452 4591 1651 4674 elegia
1697 4590 1930 4676 scripta
1976 4596 2093 4673 est,
2140 4609 2282 4656 cum
2331 4594 2519 4675 poeta
2550 4593 2749 4655 totum
2799 4608 3033 4655 annum
