3428 5235
1640 333 1727 398 46

461 514 515 579 si
570 512 813 598 Iupiter
856 531 1078 603 nauem
1131 510 1508 593 incenderit,
1567 510 1792 576 iisdem
1854 509 1979 575 oris
2037 508 2267 574 mortui
2313 509 2709 592 iactabimur,
2762 513 2913 575 tunc

461 632 524 694 te
569 628 775 692 undae
822 628 898 692 ad
950 632 1180 692 terram
1231 627 1484 709 eiciant,
1533 631 1602 692 ut
1647 626 1859 691 anima
1906 632 2013 691 tua
2061 627 2318 710 puluere
2349 624 2578 690 iniecto
2612 625 2913 711 quiescat,

463 765 564 810 me
609 743 757 810 licet
803 743 1193 809 inhumatum
1245 763 1418 808 mare
1462 743 1644 815 ferat.
1750 742 1856 807 sed
1915 741 2030 806 hoc
2076 760 2197 806 non
2248 743 2525 824 eueniet,
2581 740 2913 827 Neptunus

462 858 696 935 Boreas
752 859 963 925 sidera
1009 859 1226 924 mollia
1272 860 1449 925 nobis
1510 864 1712 923 erunt.
1820 862 1967 922 tunc
2025 857 2218 940 igitur
2275 878 2466 922 unum
2522 856 2674 924 litus
2731 860 2914 926 nobis

464 976 585 1042 erit
631 976 852 1061 sopitis
898 976 941 1040 i.
994 995 1044 1040 e.
1097 995 1341 1040 summo
1388 975 1604 1040 labore
1647 973 1832 1040 fessis
1880 994 2219 1058 somnoque
2269 973 2541 1058 domitis,
2592 994 2716 1039 non
2751 996 2915 1041 mor-

378 1174 382 1177 ,
461 1093 609 1176 tuis,
656 1097 808 1157 tunc
852 1093 917 1156 in
966 1092 1213 1157 deserto
1258 1091 1444 1156 litore
1489 1111 1611 1175 quo
1660 1091 1866 1155 undae
1899 1110 2012 1154 nos
2047 1089 2345 1155 eiecerint
2376 1110 2503 1155 una
2534 1091 2720 1157 arbor
2748 1096 2914 1159 tecto

462 1209 644 1283 nobis
692 1208 813 1275 erit
857 1213 921 1272 et
966 1228 1044 1273 ex
1089 1227 1217 1272 uua
1264 1228 1426 1291 aqua
1474 1207 1778 1273 bibemus,

643 1344 895 1390 carmen
941 1323 1048 1406 111,
1101 1325 1160 1407 7,
1210 1323 1376 1407 quod
1423 1324 1722 1390 miserum
1770 1323 1925 1388 artis
1974 1322 2255 1407 poeticae
2286 1321 2669 1389 Horatianae
2714 1324 2915 1390 fatum

465 1460 833 1526 perpessum
908 1440 1318 1524 uersibusque
1387 1460 1616 1523 susque
1681 1439 1883 1523 deque
1946 1437 2147 1503 uersis
2213 1458 2253 1503 a
2308 1438 2681 1522 quibusdam
2761 1441 2915 1506 adeo

465 1565 826 1642 corruptum
876 1563 990 1639 est,
1028 1551 1117 1622 ”ut
1161 1576 1287 1622 non
1335 1558 1470 1621 sine
1516 1555 1723 1622 taedio
1768 1554 1892 1637 legi
1941 1559 2189 1640 posset,
2256 1560 2468 1619 tamen
2516 1576 2594 1620 ne
2641 1557 2731 1621 ita
2777 1557 2916 1643 qui-

468 1674 607 1739 dem
666 1679 835 1739 recte
881 1673 1284 1755 tractabitur,
1347 1679 1417 1737 ut
1475 1692 1698 1737 manus
1759 1692 2018 1756 prorsus
2089 1672 2165 1737 de
2234 1672 2449 1737 tabula
2504 1672 2918 1739 abstineatur,

475 1796 621 1854 sunt
667 1790 832 1855 enim
882 1790 1017 1855 sine
1078 1789 1267 1856 dubio
1327 1789 1664 1874 quaedam,
1725 1809 1884 1872 quae
1945 1788 2034 1853 sic
2088 1792 2159 1852 ut
2216 1788 2550 1853 traduntur
2604 1808 2644 1853 a
2696 1794 2918 1874 poetae

469 1926 661 1972 manu
709 1906 996 1992 profecta
1066 1926 1202 1971 esse
1271 1925 1397 1970 non
1463 1909 1747 1990 possunt.
1863 1905 1991 1969 iam
2046 1904 2285 1988 primos
2347 1909 2641 1988 quattuor
2696 1925 2916 1971 uersus

467 2027 706 2089 attente
749 2022 952 2103 legas:

963 2170 1109 2238 Ergo
1148 2170 1410 2224 sollicitae
1447 2175 1505 2222 tu
1547 2185 1733 2237 causa,
1773 2168 2021 2237 pecunia,
2060 2169 2207 2222 uitae
2245 2169 2329 2222 es!

1067 2283 1166 2336 per
1202 2272 1258 2320 te
1298 2268 1645 2321 immaturum
1686 2267 1878 2320 mortis
1916 2266 2131 2320 adimus
2168 2266 2287 2320 iter.

964 2371 1025 2420 tu
1062 2365 1212 2419 uitiis
1251 2365 1530 2420 hominum
1572 2365 1815 2419 crudelia
1851 2363 2053 2434 pabula
2088 2363 2349 2434 praebes:

1071 2464 1281 2519 semina
1317 2480 1570 2518 curarum
1609 2464 1678 2518 de
1716 2465 1898 2532 capite
1935 2466 2056 2517 orta
2092 2470 2206 2518 tuo.

464 2647 584 2711 per
639 2636 716 2705 te,
779 2626 1080 2709 pecunia,
1147 2625 1284 2686 uita
1328 2622 1631 2703 sollicita,
1681 2643 1852 2686 mors
1897 2624 2242 2686 immatura
2297 2632 2403 2685 eet.
2500 2620 2649 2705 quid
2696 2621 2921 2687 melius

469 2740 803 2806 cohaerere
850 2737 1101 2824 potest?
1172 2757 1547 2822 quamquam
1584 2737 1705 2802 duo
1738 2735 1849 2800 illa
1895 2736 2173 2821 epitheta
2219 2736 2374 2801 satis
2407 2736 2640 2803 diuersi
2672 2738 2920 2821 generis

468 2856 781 2921 uidentur.
875 2854 986 2919 sed
1032 2853 1227 2918 miror
1275 2852 1463 2936 quod,
1510 2859 1842 2937 postquam
1892 2852 2114 2937 primis
2163 2852 2448 2918 uersibus
2495 2854 2707 2918 omnia
2752 2874 2921 2919 com-

470 2972 674 3058 plexis
722 2971 1011 3036 ultimum
1064 2969 1368 3035 malorum
1418 2975 1974 3034 commemoratum
2025 2973 2139 3052 est,
2188 2975 2395 3035 tamen
2446 2970 2636 3036 etiam
2686 2971 2920 3055 aliquid

471 3089 755 3173 sequitur
801 3088 966 3171 quod
1016 3086 1418 3152 uehementer
1465 3086 1741 3169 languet.
1820 3086 1971 3171 quid
2002 3087 2167 3152 enim
2204 3092 2377 3172 post
2409 3092 2672 3154 mortem
2709 3086 2926 3170 ualent

470 3204 704 3291 pabula
757 3204 1054 3269 uitiorum
1112 3202 1390 3267 crudelia
1445 3203 1486 3269 i.
1537 3223 1590 3268 e.
1651 3208 1919 3267 mortem
1982 3202 2352 3268 efficientia?
2446 3204 2594 3286 quid
2666 3204 2919 3269 tandem

472 3326 617 3406 post
672 3321 970 3385 uitiorum
1020 3318 1252 3403 pabula
1300 3318 1543 3383 semina
1590 3338 1917 3397 curarum,
1975 3339 2135 3402 quae
2182 3320 2312 3385 sere
2358 3319 2422 3383 in
2472 3319 2760 3385 omnibus
2810 3339 2919 3404 pe-

473 3438 658 3502 cunia
705 3436 879 3511 serit,
927 3450 1072 3501 cum‘
1117 3435 1413 3500 uitiorum
1449 3435 1682 3519 pabula
1716 3436 1929 3515 paucis
1963 3440 2205 3499 tantum
2242 3418 2579 3521 praebeat?
2633 3442 2921 3522 potestne

475 3554 701 3637 aliquis
748 3554 811 3617 in
859 3552 1222 3617 ordinandis
1271 3552 1610 3617 enuntiatis
1657 3552 1915 3633 grauius
1964 3552 2262 3637 peccare?
2333 3553 2439 3618 sed
2489 3573 2647 3634 nego
2696 3553 2755 3616 in
2808 3553 2923 3618 hac

473 3691 544 3735 re
590 3667 987 3754 Propertium
1049 3667 1197 3733 alibi
1257 3687 1452 3750 aeque
1510 3668 1727 3733 rudem
1785 3669 1999 3733 fuisse.
2122 3689 2324 3752 neque
2380 3668 2584 3734 minus
2641 3670 2705 3734 id
2766 3691 2921 3753 nego

475 3806 735 3871 prorsus
782 3785 1039 3850 eandem
1090 3785 1529 3867 cogitationem
1581 3784 1722 3849 aliis
1771 3806 1871 3850 uu.
1906 3785 2283 3850 intermissis
2331 3786 2424 3851 bis
2458 3786 2622 3869 apud
2656 3783 2923 3871 Proper·

475 3905 630 3968 tium
680 3902 747 3966 in
795 3901 1011 3967 eodem
1049 3902 1325 3967 carmine
1359 3901 1650 3966 inueniri.
1723 3922 1869 3967 nam
1905 3916 1971 3968 tu
2003 3904 2315 3968 sollicitae
2344 3905 2516 3967 uitae
2545 3928 2737 3968 causa
2770 3926 2832 3969 es
2862 3908 2925 3968 et

475 4023 716 4087 semina
763 4042 1064 4084 curarum
1110 4021 1186 4083 de
1232 4022 1436 4106 capite
1484 4032 1589 4084 tuo
1640 4032 1781 4084 orta
1813 4018 1977 4083 idem
2030 4026 2125 4084 est
2156 4019 2406 4083 diuerso
2449 4017 2631 4083 modo
2663 4018 2921 4083 dictum.

475 4138 690 4221 itaque
738 4136 976 4219 uideas,
1024 4155 1171 4199 num
1226 4135 1340 4200 hoc
1388 4133 1611 4199 melius
1662 4134 1931 4219 placeat:

1008 4315 1143 4370 ergo
1181 4302 1446 4356 sollicitae
1482 4306 1542 4356 tu
1582 4317 1766 4370 causa,
1805 4302 2054 4370 pecunia,
2094 4301 2241 4354 uitae
2278 4299 2366 4354 es!

1079 4401 1291 4458 semina
1328 4415 1578 4453 curarum
1617 4399 1687 4452 de
1726 4398 1907 4467 capite
1944 4402 2064 4452 orta
2099 4398 2224 4453 tuo!

1008 4502 1069 4552 tu
1110 4498 1257 4552 uitiis
1295 4498 1574 4552 hominum
1613 4497 1856 4552 crudelia
1892 4495 2094 4566 pabula
2129 4496 2389 4566 praebes:

1080 4610 1179 4665 per
1213 4599 1270 4650 te
1305 4595 1652 4650 immaturum
1692 4595 1882 4650 mortis
1920 4595 2134 4649 adimus
2169 4595 2297 4648 iter!
