3428 5235
1730 323 1771 388 ‘7

1728 590 1792 655 2.

596 750 691 820 lv,
732 749 816 821 11,
852 749 942 805 53.
1118 748 1355 818 Turpior
1392 762 1616 803 assessu
1651 762 1764 802 non
1800 745 1906 801 erit
1941 746 2053 802 ulla
2089 760 2212 801 meo

1009 846 1099 901 uel
1135 849 1197 901 tu
1243 874 1311 886 —-

1011 944 1100 999 uel
1138 943 1245 1013 cui,
1283 942 1607 998 commissos
1643 957 1768 999 cum
1809 943 1983 999 Vesta
2019 945 2336 1012 reposceret
2369 941 2558 1011 ignes,

1119 1040 1371 1097 exhibuit
1407 1041 1566 1096 uiuos
1604 1040 1867 1097 carbasus
1906 1041 2032 1098 alba
2068 1039 2237 1096 focos.

527 1183 633 1246 cui
677 1184 1035 1246 commissos
1068 1177 1120 1246 G
1153 1178 1209 1244 R
1256 1182 1433 1245 cuius
1478 1203 1660 1246 rasos
1692 1178 1767 1263 O,
1813 1180 1838 1245 i
1869 1200 1921 1247 e.
1957 1178 2340 1265 archetypon
2386 1176 2638 1243 illorum
2677 1193 2982 1240 novorum

529 1294 854 1380 librorum,
904 1296 1081 1361 deest
1125 1294 1202 1361 N.
1407 1295 1410 1296 ⁷
2631 1286 2635 1291 ’

706 1412 821 1478 hoc
875 1413 1061 1477 modo
1118 1413 1218 1478 uir
1266 1412 1484 1478 doctus
1532 1412 1595 1477 ni
1643 1411 1834 1477 fallor
1881 1415 2357 1494 argumentatus
2406 1416 2531 1477 est:
2581 1413 2757 1475 cuiue
2801 1431 2984 1475 rasos

523 1505 601 1593 ¹ut
648 1534 745 1594 est
789 1548 978 1594 sensu
1025 1549 1272 1595 cassum
1324 1530 1402 1595 ab
1450 1528 1902 1615 interpolatore
1951 1530 2100 1594 oriri
2133 1549 2258 1594 non
2294 1528 2517 1614 potuit.
2552 1527 2763 1611 itaque
2794 1544 2983 1591 uoca-

525 1644 740 1711 bulum
791 1649 1149 1724 commiesoe
1196 1666 1311 1732 pro
1344 1644 1644 1711 Italorum
1694 1649 2047 1712 commento
2097 1644 2475 1728 habendum,
2524 1664 2600 1708 ex
2649 1642 2758 1707 illo
2806 1645 2985 1707 cuius

524 1785 706 1828 rasos
772 1762 1046 1845 genuina
1102 1762 1418 1848 scriptura
1476 1760 1804 1828 efficienda
1861 1767 1976 1827 est.
2045 1760 2251 1828 effecit
2303 1762 2496 1844 igitur
2558 1764 2664 1826 cui
2704 1753 2814 1825 εἴα
2882 1765 2986 1825 s'oe

505 1878 570 1944 .i.
605 1898 657 1945 e.
695 1881 800 1945 eui
842 1901 1030 1944 sacra
1074 1901 1237 1944 suos.
1297 1879 1554 1964 optime,
1604 1879 1713 1944 sed
1762 1879 2063 1943 rimosum
2113 1885 2323 1943 tamen
2371 1877 2495 1942 uiri
2542 1876 2709 1942 docti
2747 1874 2981 1941 dolium

529 1999 643 2059 est.
704 2014 817 2076 ego
866 1995 1033 2060 enim
1092 1998 1199 2059 cui
1246 2012 1276 2057 9
1319 2018 1501 2060 rasos
1550 2014 1629 2060 ex
1676 1998 1784 2060 cui
1828 2012 1860 2057 9
1905 1998 2098 2060 misce
2144 1994 2477 2079 depravari
2521 1992 2801 2079 potuisse
2833 2010 2983 2056 con-

524 2109 734 2177 tendo.
805 2130 952 2176 nam
1024 2130 1102 2175 ex
1170 2110 1486 2195 prioribus
1558 2110 1800 2177 duabus
1867 2111 2222 2176 litterarum
2292 2113 2386 2175 mi
2444 2109 2628 2174 lineis
2682 2106 2982 2172 facillime

523 2224 738 2291 littera
791 2250 829 2291 r
884 2227 1036 2292 oriri
1095 2228 1305 2312 potuit
1357 2228 1731 2312 praesertim
1791 2228 1940 2312 quia
1993 2204 2149 2292 illud
2207 2251 2246 2291 r
2302 2246 2426 2292 non
2472 2230 2602 2291 tam
2652 2224 2982 2310 perspicue

523 2342 591 2406 in
665 2342 1004 2429 archetypo
1077 2342 1309 2409 lectum
1369 2355 1635 2409 esse‘eo
1691 2344 2193 2426 demonstratur,
2264 2341 2431 2427 quod
2489 2340 2888 2406 Burmannus
2947 2360 2981 2404 e

522 2457 915 2524 Dorvilliano
986 2459 1261 2525 secundo
1333 2462 1420 2524 et'
1451 2457 1762 2543 Leydensi
1834 2459 2107 2524 secundo
2161 2482 2388 2545 yasos,
2461 2478 2561 2540 ex¹
2597 2455 2979 2538 Askewiano

525 2575 775 2662 hya-soe,
842 2594 920 2642 ex
968 2574 1277 2641 Vo'ssiano
1337 2578 1560 2661 quarto
1618 2576 1787 2641 Iasos
1845 2579 2037 2640 notat.
2109 2573 2336 2641 deinde
2393 2594 2472 2639 ex
2529 2572 2982 2660 posterioribus

527 2690 768 2757 duabus
815 2691 998 2757 lineis
1045 2691 1259 2757 littera
1298 2715 1339 2756 a
1380 2689 1521 2756 elici
1551 2692 1781 2776 potuit,
1827 2697 1898 2756 ut
1929 2717 1969 2756 a
2001 2697 2065 2757 et
2094 2716 2138 2757 u
2171 2710 2359 2775 saepe
2405 2690 2677 2756 inuicem
2727 2709 2980 2774 permu-

525 2812 756 2873 tantur.
815 2807 1085 2892 denique
1132 2808 1213 2872 ad
1258 2807 1633 2872 uocabulum
1680 2831 1862 2873 rasos
1896 2807 2293 2873 scribendum
2327 2807 2622 2873 librarius
2656 2806 2980 2890 archetypi

527 2923 578 2990 Ο
631 2943 702 2990 eo
750 2925 1059 3008 peruenit,
1107 2923 1272 3009 quod
1313 2944 1391 2988 ex
1424 2924 1776 3007 stribligine
1808 2924 2162 2990 litterarum
2198 2925 2571 2990 traditarum
2607 2921 2977 2987 uocabulum

524 3038 790 3103 latinum
848 3040 1176 3105 enucleare
1235 3039 1454 3104 uoluit.
1524 3041 1735 3123 itaque
1793 3059 1934 3105 cum
1993 3059 2129 3115 non,
2180 3041 2386 3105 minus
2444 3043 2622 3105 cuius
2673 3060 2854 3104 rasos
2901 3056 2979 3103 ex

521 3157 635 3220 ‚eui
661 3158 1020 3222 commissos
1051 3174 1236 3240 quam
1273 3159 1379 3221 cui
1407 3158 1765 3222 commissos
1797 3176 1875 3221 ex
1908 3160 2086 3222 cuius
2123 3178 2304 3223 rasos
2337 3156 2488 3221 oriri
2519 3154 2819 3242 potuerit,
2850 3153 2976 3227 iam

528 3275 688 3355 quae
718 3270 903 3337 lectio
950 3273 1154 3357 magis
1201 3271 1450 3357 placeat
1479 3271 1882 3338 iudicandum
1918 3281 2031 3339 est.
2103 3272 2267 3357 quod
2301 3291 2677 3357 quamquam
2709 3269 2975 3336 arduum

521 3406 683 3473 opus
734 3395 848 3471 est,
896 3395 1107 3455 tamen
1155 3389 1284 3456 noli
1335 3389 1621 3454 dubitare
1668 3389 1818 3473 quin
1851 3390 2223 3454 uocabulum
2260 3393 2617 3456 commissos
2649 3389 2979 3474 aptissime

519 3512 704 3570 coeat
757 3524 899 3570 cum
958 3526 1031 3572 eo
1086 3506 1254 3590 quod
1309 3511 1405 3572 est
1456 3518 1825 3592 reposceret.
1891 3525 2037 3570 nam
2094 3504 2259 3589 quod
2315 3505 2502 3571 alicui
2549 3505 2978 3570 commisimus

524 3626 742 3686 nostro
788 3621 925 3687 iure
972 3621 1380 3706 reposcimus.
1443 3620 1559 3685 hoc
1591 3621 1786 3703 igitur
1818 3621 2176 3706 exemplum
2212 3622 2292 3687 ad
2325 3622 2650 3708 archetypi
2684 3621 2736 3688 Ο
2769 3627 2979 3688 castra

525 3756 640 3801 nos
697 3738 1093 3820 transfugere
1150 3755 1272 3802 non
1321 3736 1519 3819 cogit,
1580 3737 1688 3802 sed
1739 3743 1920 3803 caute
1967 3737 2175 3822 potius
2202 3729 2414 3803 *antea
2461 3739 2601 3822 quis
2650 3739 2850 3804 uictor
2897 3759 2975 3803 ex

527 3851 687 3918 bello
732 3853 997 3938 prodeat
1041 3853 1523 3939 circumspicere
1576 3853 1770 3919 iubet.

595 4001 643 4071 1,
680 4002 732 4072 8,
772 4002 856 4058 19.
964 4001 1074 4058 Sed
1112 4017 1458 4072 quocumque
1496 4001 1659 4058 modo
1697 4001 1768 4057 de
1806 4016 1909 4072 me,
1947 4003 2182 4073 periura,
2221 4002 2464 4072 mereris,

1074 4100 1148 4155 sit
1183 4099 1415 4156 Galatea
1450 4105 1580 4156 tuae
1616 4115 1728 4155 non
1767 4101 1944 4155 aliena
1979 4100 2122 4170 uiae,

968 4203 1030 4253 ut
1065 4204 1138 4269 te,
1176 4198 1325 4254 felici
1360 4203 1661 4269 praeuecta
1697 4197 1970 4254 Ceraunia
2004 4212 2173 4268 remo,

1076 4298 1312 4369 accipiat
1345 4297 1577 4368 placidis
1613 4296 1801 4352 Oricos
1838 4295 2184 4366 aequoribus.

703 4435 959 4521 quintus
1005 4454 1189 4502 casus
1235 4454 1494 4521 prorsus
1544 4433 1763 4501 eodem
1813 4434 1998 4501 modo
2030 4433 2273 4520 positus
2320 4439 2418 4500 est
2465 4454 2586 4518 quo
2616 4433 2668 4519 I,
2716 4438 2777 4518 7,
2827 4435 2940 4500 24:

1235 4583 1445 4640 ardoris
1483 4583 1655 4640 nostri
1695 4599 1894 4654 magne
1929 4586 2097 4654 po‘eta
2124 4562 2297 4653 iaces,
