3428 5235
1692 310 1779 373 42

509 487 719 570 itaque
766 506 908 552 cum
954 487 1019 551 in
1070 492 1292 570 quarto
1339 485 1498 552 libro
1548 492 1769 569 quater
1816 485 2315 579 monosyllabum
2367 490 2512 551 ante
2546 485 2800 568 quintae
2833 484 2966 550 the-

512 623 652 669 seos
701 602 1071 669 uocabulum
1123 602 1501 688 disyllabum
1550 603 1947 685 inueniatur,
2017 622 2206 667 unam
2263 602 2569 668 concedas
2625 600 2964 666 licentiam.

508 719 586 784 de
637 718 897 784 ablatiui
945 726 1151 785 autem
1205 741 1322 784 usu
1368 739 1621 785 monere
1669 740 1795 784 non
1843 740 1995 800 opus
2045 726 2158 785 est.
2253 720 2466 803 itaque
2514 719 2688 785 uides
2721 718 2967 804 Neapo-

508 835 691 915 litani
734 859 931 922 parce
977 856 1150 901 mero
1200 856 1411 902 errore
1460 857 1537 900 ex
1581 849 1765 921 pacte
1812 841 2017 900 ortum
2066 855 2223 917 esse,
2271 835 2335 899 in
2387 834 2725 919 archetypo
2772 834 2967 900 fuisse

876 967 1037 1096 ZZZ.
1077 1000 1284 1053 noctes
1334 991 1443 1051 aut
1482 1000 1668 1073 pacte
1721 943 1878 1095 ‘ZZZ
1922 1000 2152 1067 noctes,
2195 985 2680 1070 Neapolitanum
2716 994 2779 1050 et
2809 984 2967 1050 Gro-

510 1136 853 1218 ninganum
904 1157 1121 1202 uerum
1174 1157 1483 1216 seruasse,
1533 1137 1793 1202 editoris
1842 1136 2192 1222 nuperrimi
2225 1138 2341 1202 hae
2372 1151 2520 1202 sunt
2545 1151 2772 1225 pactae
2805 1136 2968 1221 quod

513 1273 592 1318 ex
638 1252 754 1318 DV
804 1253 1156 1339 desumpsit
1203 1254 1280 1318 ab
1330 1252 1780 1338 interpolatore
1828 1253 2174 1338 profectum
2226 1274 2384 1318 esse.

693 1369 758 1435 in
809 1373 1031 1453 quarto
1081 1371 1355 1434 carmine
1404 1369 1559 1434 illud
1591 1371 2026 1454 huncfontem
2059 1390 2279 1435 uersus
2317 1371 2351 1435 7
2398 1390 2581 1435 nemo
2614 1369 2973 1451 obiurgabit

514 1486 620 1570 qui
667 1484 982 1571 Propertii
1049 1492 1254 1552 aetate
1326 1485 1402 1552 de
1471 1487 1644 1551 fonte
1714 1486 1925 1570 aliquo
1998 1486 2061 1550 in
2126 1486 2437 1571 Capitolio
2509 1486 2749 1551 oriente
2805 1485 2970 1550 inter

521 1622 736 1667 omnes
783 1610 1073 1669 constare
1121 1605 1402 1689 potuisse
1449 1605 1754 1686 concedit,
1804 1604 2091 1669 uersibus
2125 1607 2237 1669 9-
2268 1608 2347 1669 14
2381 1609 2569 1689 poeta
2598 1604 2677 1668 iis
2711 1623 2970 1688 respon-

517 1718 624 1784 det
670 1718 778 1803 qui
826 1720 1134 1803 quomodo
1183 1720 1248 1784 in
1296 1720 1448 1785 urbe
1496 1720 1665 1785 ualla
1712 1720 1992 1785 construi
2039 1721 2362 1806 potuerint
2406 1721 2816 1802 interrogant,
2860 1739 2970 1784 uo-

517 1834 740 1901 cabulo
786 1838 934 1901 hinc
981 1856 1200 1902 uersus
1254 1839 1334 1902 15
1384 1837 1462 1901 ad
1510 1837 1743 1902 fontem
1803 1837 1979 1901 illum
2030 1837 2388 1902 reuertitur.
2490 1857 2691 1920 neque
2739 1835 2970 1921 repeti-

514 1958 645 2017 tum
692 1952 849 2017 illud
888 1955 1066 2034 fonte
1116 1954 1247 2030 (14.
1303 1956 1408 2032 15)
1467 1954 1696 2019 mirum
1743 1952 1992 2038 putabit
2038 1954 2146 2036 qui
2203 1954 2267 2017 in
2315 1953 2432 2018 hoc
2477 1972 2705 2034 genere
2764 1972 2972 2017 socor-

513 2069 843 2133 dissimum
895 2067 1158 2135 Sextum
1207 2084 1342 2136 esse
1390 2070 1639 2134 uiderit.
1736 2071 1863 2134 iam
1912 2070 2316 2155 peruenimus
2378 2070 2458 2135 ad
2506 2070 2671 2136 hunc
2730 2069 2968 2136 locum:

586 2191 671 2245 17.
1064 2195 1123 2244 et
1158 2191 1293 2244 satis
1332 2207 1442 2244 una
1480 2192 1654 2245 malae
1691 2192 1875 2260 potuit
1912 2207 2057 2246 mors
2095 2206 2217 2245 esse
2255 2192 2469 2260 puellae

1118 2302 1259 2356 quae
1300 2288 1474 2341 uoluit
1509 2287 1758 2342 flammas
1795 2287 2000 2356 fallere,
2040 2289 2230 2354 Vesta,
2270 2294 2410 2343 tuas.

519 2396 629 2461 hos
674 2416 897 2461 uersus
946 2398 1036 2462 sic
1092 2403 1160 2462 ut
1221 2397 1553 2462 tradantur
1610 2398 1910 2463 hocloco
1968 2397 2243 2480 intellegi
2317 2418 2500 2483 posse
2562 2417 2704 2463 cum
2768 2395 2972 2463 Lach-

516 2533 745 2579 manno
802 2534 980 2596 nego.
1060 2515 1533 2599 interrumpunt
1580 2516 1743 2580 enim
1795 2515 2220 2579 narrationem
2269 2513 2514 2600 placide
2559 2511 2853 2578 fluentem
2906 2518 2974 2579 ut

517 2629 688 2696 nullo
738 2637 920 2716 pacto
976 2632 1128 2697 ferri
1177 2633 1442 2716 possint,
1492 2638 1910 2698 annectuntur
1962 2631 2267 2717 particula
2324 2645 2380 2697 et
2428 2631 2509 2696 ad
2556 2631 2720 2696 hunc
2763 2630 2970 2696 locum

520 2767 776 2832 prorsus
825 2767 948 2811 non
999 2749 1420 2813 accomodata.

696 2869 914 2928 contra
972 2865 1024 2929 si
1083 2870 1226 2949 post
1270 2886 1330 2928 u.
1384 2866 1470 2929 92
1521 2864 1847 2947 leguntur,
1917 2884 2055 2928 cum
2113 2863 2526 2946 Hertzbergio
2592 2864 2969 2929 rhetoricam

517 2978 691 3043 illam
754 2980 1308 3063 interrogationem
1368 2986 1512 3067 post
1578 2984 1893 3067 simplices
1959 2985 2315 3067 incomptae
2384 2984 2691 3046 orationis
2745 3004 2974 3046 neruos

520 3101 731 3181 aptam
780 3117 904 3161 non
957 3118 1091 3163 esse
1138 3117 1379 3163 censen.
1475 3097 1790 3163 deleretur
1846 3098 2010 3163 enim
2083 3096 2268 3182 plane
2317 3097 2591 3162 breuitas
2637 3096 2806 3161 illius
2854 3096 2974 3161 loci

519 3213 583 3275 in
634 3233 757 3296 qua
802 3215 1011 3280 nescio
1060 3215 1209 3299 quid
1257 3214 1509 3297 frigoris
1573 3220 1634 3279 et
1681 3215 2008 3297 dignitatis
2072 3215 2237 3279 inest
2294 3214 2666 3297 praesertim
2730 3213 2797 3277 in
2867 3212 2974 3277 illo

520 3328 821 3392 transitu:

511 994 619 1051 aut
647 1000 832 1074 pacte

1026 3432 1061 3469 a
1097 3417 1236 3469 duce
1274 3413 1511 3484 Tarpeia
1548 3431 1704 3470 mons
1743 3422 1828 3469 est
1865 3431 2169 3482 cognomen
2208 3416 2464 3484 adeptus.

524 3539 840 3617 postremo
900 3554 979 3600 ne
1036 3535 1136 3602 hic
1189 3535 1439 3621 quidem
1500 3535 1653 3599 illud
1712 3549 1771 3601 et
1822 3535 2220 3599 commodum
2277 3540 2460 3600 esset.
2542 3558 2710 3599 urna
2765 3542 3020 3612 autem,

524 3650 688 3733 quod
736 3649 1173 3716 Lachmannus
1232 3672 1344 3736 pro
1402 3677 1537 3717 una
1591 3652 1847 3736 scripsit
1905 3671 2028 3716 non
2088 3651 2293 3735 placet
2351 3650 2518 3734 quod
2576 3670 2735 3714 urna
2789 3669 2979 3715 causa

524 3766 744 3831 mortis
801 3787 923 3831 non
992 3772 1157 3850 erat,
1222 3788 1380 3852 quae
1437 3769 1665 3834 rectius
1724 3769 1991 3833 fortasse
2045 3769 2184 3832 fons
2241 3767 2365 3832 dici
2428 3767 2652 3851 potuit.
2717 3784 2861 3830 nam
2923 3764 2977 3829 si

523 3886 744 3965 patera
798 3881 899 3948 uel
959 3884 1111 3949 cado
1168 3885 1481 3951 hausisset
1536 3904 1687 3949 num
1739 3884 1945 3948 minus
1995 3883 2266 3969 Tarpeia
2312 3890 2562 3947 mortua
2611 3881 2811 3949 esset?
2869 3881 2980 3948 sed

524 3998 653 4062 iam
699 3998 837 4081 lege
884 4000 1136 4065 ultimos
1185 4008 1438 4066 nostrae
1486 4001 1722 4083 elegiae
1769 4020 2021 4065 uersus:

1046 4131 1080 4168 a
1115 4114 1257 4168 duce
1294 4115 1532 4186 Tarpeia
1569 4130 1726 4169 mons
1764 4119 1848 4167 est
1883 4126 2188 4181 cognomen
2226 4111 2486 4180 adeptus:

1155 4228 1187 4268 o
1228 4213 1356 4281 uigil
1397 4214 1629 4266 iniustae
1668 4213 1912 4281 praemia
1949 4212 2112 4266 sortis
2149 4208 2338 4264 habes,

708 4322 798 4388 sic
868 4323 1104 4388 scribas
1174 4326 1475 4404 iniustae,
1547 4323 1711 4405 quod
1769 4320 2211 4386 Lachmannus
2283 4338 2528 4404 quoque
2588 4318 2651 4383 in
2708 4318 2981 4384 editione

528 4439 917 4507 Berolinensi
978 4440 1250 4507 scribere
1312 4439 1510 4505 uoluit
1569 4439 1676 4504 sed
1738 4439 1871 4504 siue
1929 4457 2261 4522 operarum
2319 4455 2531 4501 errore
2578 4436 2710 4501 siue
2757 4433 2982 4500 calami

528 4556 713 4643 lapsu
763 4560 991 4625 iniuste
1045 4557 1321 4643 scripsit.
1400 4577 1542 4622 nam
1602 4556 1669 4621 in
1726 4554 2127 4621 adnotatione
2180 4553 2439 4636 legitur:
2510 4552 2741 4618 iniuste
2788 4549 2863 4616 G.
2905 4550 2978 4617 R.
