3428 5235
1713 278 1823 342 <24

526 475 699 521 <nam
760 459 948 542 poeta
1006 456 1170 540 quod
1228 474 1430 538 neque
1489 454 1731 521 diuitiis
1788 474 1992 540 neque
2050 474 2327 522 auorum*
2368 452 2707 540 triumphis
2753 454 3012 536 gloriari

554 572 792 657 potuit,
849 571 942 638 nil
999 572 1125 638 nisi
1184 572 1467 638 carmina
1523 591 1639 637 sua
1696 591 1906 637 secum
1963 571 2128 637 ferre
2183 572 2378 657 cupit.
2480 571 2643 656 quod
2700 571 2756 637 si
2803 572 3011 641 dicere

556 688 782 773 uoluit,
830 688 981 774 quid
1029 709 1171 755 eum
1218 689 1420 754 mouit
1465 693 1535 754 ut
1580 694 1942 754 accuratum
1987 687 2344 753 libellorum
2390 708 2643 755 suorum
2679 708 3007 754 numerum

558 804 858 872 adderet?
950 805 1101 891 quid
1152 806 1303 872 fecit
1355 804 1464 871 ille
1519 825 1820 871 numerus
1875 805 1953 870 ad
2010 804 2184 871 rem?
2285 785 2524 871 accedit
2569 805 2734 890 quod
2780 804 3010 873 Sextus

557 941 685 988 non
733 921 1021 1007 proxime
1064 921 1468 988 imminentes
1516 920 1624 988 sed
1673 919 2193 1006 quandocumque
2239 922 2485 987 futuras
2531 922 2861 1006 exsequias
2901 922 3010 988 de-

557 1039 807 1123 scribit,
871 1044 944 1104 ιιι
996 1058 1257 1105 numero
1317 1036 1574 1104 definito
1623 1038 1718 1104 uti
1765 1038 1875 1103 uix
1920 1039 2216 1123 potuerit.
2312 1038 2464 1123 quid
2509 1038 2563 1104 si
2609 1040 2784 1105 canis
2830 1038 3012 1105 annis

560 1161 748 1243 po‘eta
795 1176 861 1222 se
909 1154 1226 1222 obiturum
1276 1174 1412 1222 esse
1459 1155 1836 1237 cogitasset?
1897 1175 2047 1220 num
2079 1175 2159 1221 ne
2199 1161 2332 1221 tum
2368 1154 2618 1239 quidem
2651 1154 2792 1239 plus
2825 1174 3007 1238 quam

556 1277 687 1340 tres
732 1271 979 1339 libellos
1027 1290 1238 1338 secum
1285 1272 1450 1338 ferre
1500 1270 1841 1338 uoluisset?
2708 1333 2711 1336 ,

731 1389 847 1462 sed
901 1393 973 1456 ut
1033 1395 1166 1456 tres
1221 1389 1439 1473 glebae
1492 1390 1560 1456 in
1626 1389 1855 1476 corpus
1901 1387 2298 1454 inhumatum
2346 1388 2631 1472 naufragi
2677 1386 3015 1472 iaciuntur,

560 1513 632 1574 ut
677 1513 805 1574 tres
850 1507 1023 1573 lanei
1072 1507 1254 1572 orbes
1301 1507 1468 1572 circa
1513 1506 1723 1572 focum
1773 1504 2184 1572 sacrificantis
2230 1509 2402 1589 eunt,
2449 1510 2519 1570 ut
2561 1510 2689 1570 tres
2720 1502 3013 1571 flammae

563 1624 989 1692 accenduntur
1034 1642 1177 1689 cum
1225 1622 1379 1689 deus
1426 1624 1490 1687 in
1537 1628 1773 1688 terram
1822 1621 2177 1705 descendit,
2234 1622 2326 1687 sic
2370 1627 2558 1707 poeta
2604 1627 2817 1688 noster
2854 1620 3013 1688 ‘Per-

562 1743 876 1827 sephonae
922 1744 1052 1805 tres
1097 1737 1343 1806 libellos
1392 1739 1740 1807 donaturus
1788 1744 1901 1806 est.
1996 1758 2198 1823 neque
2246 1739 2324 1805 ob
2373 1738 2560 1805 aliam
2609 1758 2863 1805 causam
2907 1737 3013 1804 Ti-

560 1855 767 1923 bullus
814 1855 862 1941 Ι,
910 1857 975 1941 5,
1028 1857 1135 1922 16:

1060 1999 1193 2051 uota
1229 2010 1428 2051 nonem
1465 1995 1687 2051 Triuiae
1726 1999 1889 2051 nocte
1926 1996 2120 2050 silente
2157 1994 2302 2051 dedi.

562 2125 838 2210 Triuiae,
885 2125 1158 2192 triformi
1192 2125 1368 2208 deae,
1416 2145 1644 2191 nouem
1692 2126 1736 2190 i.
1770 2144 1822 2191 e.
1866 2131 1962 2191 ter
2008 2125 2131 2191 tria
2177 2145 2439 2191 munera
2485 2124 2677 2190 dedit.
2739 2121 3014 2192 Graecos

510 2303 513 2307 Α
562 2262 810 2329 quoque
869 2243 994 2309 tria
1047 2262 1236 2327 saepe
1291 2239 1695 2329 ἀναθήματα
1750 2241 2072 2308 dedicasse
2118 2245 2382 2307 constat.
2477 2261 2591 2307 nec
2649 2239 3015 2326 Propertius

561 2361 629 2426 in
676 2379 815 2427 eam
864 2358 1241 2427 sententiam
1288 2358 1533 2424 libellos
1581 2357 1763 2441 dixit,
1810 2359 1879 2423 in
1925 2377 2112 2442 quam
2161 2357 2426 2424 Ouidius
2472 2358 2638 2424 trist.
2701 2357 2780 2441 V,
2840 2363 2895 2442 l,
2947 2360 3013 2422 1:

1055 2499 1217 2554 Hunc
1254 2513 1475 2567 quoque
1511 2497 1582 2553 de
1619 2497 1832 2591 Getico,
1870 2498 2044 2554 nostri
2079 2497 2351 2568 studiose,
2386 2497 2628 2553 libellum

1170 2597 1352 2653 littore
1390 2597 1707 2667 praemissis
1744 2600 2004 2668 quattuor
2041 2596 2184 2654 adde
2221 2597 2376 2668 meis,

563 2727 675 2793 sed
719 2727 787 2792 in
834 2746 994 2810 eam,
1043 2727 1109 2792 in
1157 2745 1343 2809 quam
1390 2725 1527 2811 ipse
1573 2725 1621 2809 Ι,
1675 2727 1782 2809 11,
1836 2726 1914 2791 19

1060 2867 1322 2935 Ignosces
1358 2865 1525 2934 igitur
1562 2865 1609 2920 si
1646 2864 1779 2935 quid
1816 2863 1919 2921 tibi
1955 2865 2115 2920 triste
2150 2864 2316 2920 libelli

1168 2964 1449 3019 attulerint
1482 2964 1671 3019 nostri.

1704 3225 1768 3290 4.

746 3373 1064 3454 postremo
1113 3368 1370 3435 tertium
1441 3373 1505 3434 et
1548 3367 1616 3433 ni
1662 3365 1848 3433 fallor
1903 3367 2349 3450 grauissimum
2395 3365 2785 3432 Lachmanni
2831 3385 3016 3448 argu-

573 3490 852 3551 mentum
903 3483 1065 3569 quod
1115 3490 1211 3551 est
1268 3485 1345 3551 de
1393 3482 1469 3569 ΙΙ,
1523 3486 1626 3568 10,
1685 3483 1832 3551 libri
1878 3484 2163 3567 Augusto
2211 3483 2479 3550 dedicati
2521 3481 2873 3569 prooemio,
2928 3480 3018 3544 ita

569 3601 807 3686 refello,
841 3607 912 3667 ut
940 3600 1417 3666 Lachmannum
1451 3623 1555 3666 uu.
1592 3603 1699 3684 23,
1736 3602 1822 3666 24
1851 3621 1976 3667 non
2009 3608 2179 3669 recte
2211 3601 2589 3687 explicuisse
2621 3597 3014 3665 contendam.

570 3723 835 3804 apparet
897 3718 1064 3783 enim
1123 3717 1214 3783 sic
1269 3717 1478 3782 uirum
1551 3736 1863 3782 summum
1923 3717 2128 3783 locum
2197 3717 2372 3783 illum
2445 3716 2790 3802 accepisse:
2867 3716 3021 3802 quia

570 3836 778 3901 adhuc
825 3835 1015 3900 Musa
1072 3837 1251 3921 epiea
1306 3857 1438 3900 non
1494 3835 1710 3900 doctus
1771 3857 1910 3899 eum
1973 3836 2062 3900 ad
2116 3836 2326 3900 laudis
2383 3855 2636 3898 carmen
2691 3833 3022 3898 ascendere

569 3974 807 4038 nequeo
856 3953 967 4017 sed
1019 3973 1142 4039 pro
1192 3951 1403 4016 laudis
1461 3954 1740 4017 carmine
1796 3974 1961 4017 nune
2017 3953 2258 4017 uiliora
2310 3972 2498 4015 sacra
2541 3951 2584 4014 i.
2636 3970 2685 4013 e.
2733 3951 3023 4037 carmina

572 4070 888 4134 amatoria
934 4067 1053 4133 tibi
1097 4069 1334 4133 dedico.
1429 4072 1495 4133 at
1538 4072 1609 4133 ut
1654 4087 1887 4134 corona
1932 4066 2043 4133 illa
2089 4067 2377 4152 quamuis
2424 4085 2551 4132 non
2582 4065 2775 4153 capiti
2808 4068 3019 4131 tamen

573 4185 750 4268 signo
799 4184 1008 4267 datur,
1057 4183 1147 4249 sic
1192 4182 1557 4270 Propertius
1603 4184 1886 4251 carmina
1930 4183 2135 4250 laudis
2183 4203 2308 4249 non
2361 4183 2427 4249 in
2484 4188 2676 4269 caput
2719 4181 2831 4248 sed
2877 4188 3022 4249 ante

574 4301 767 4387 pedes
813 4300 1087 4383 Augusti
1135 4321 1201 4367 se
1248 4321 1483 4386 ponere
1530 4301 1683 4368 dicit
1727 4303 1769 4366 i.
1819 4321 1872 4368 e.
1924 4300 2241 4386 promittit
2286 4301 2568 4366 carmina
2611 4299 2849 4378 laudiS,
2911 4299 3019 4366 sed

574 4417 727 4483 talia
773 4418 983 4503 qualia
1029 4416 1265 4501 fingere
1309 4418 1497 4485 ualet.
1590 4419 1804 4502 itaque
1850 4418 1905 4484 si
1951 4417 2158 4483 medio
2203 4417 2365 4484 libro
2414 4417 2576 4483 hanc
2621 4415 2882 4499 elegiam
2931 4415 3021 4481 le-

576 4534 811 4618 gimu8‚
871 4533 986 4601 sub
1048 4534 1278 4601 uilibus
1345 4535 1471 4600 illis
1537 4535 1733 4601 sacris
1792 4553 1865 4600 ea
1925 4534 2237 4619 earmina,
2309 4554 2469 4618 quae
2524 4534 2724 4600 uoluit
2791 4531 3023 4615 fingere
