3428 5235
1634 310 1723 375 50

447 490 567 555 hac
609 487 925 573 particula
972 485 1235 551 diuellit.
1330 505 1535 568 neque
1582 484 1806 550 melius
1839 484 2283 550 Lachmannus
2330 487 2414 550 ab,
2457 486 2692 570 posuit,
2741 488 2905 570 quod

448 606 525 671 ab
572 605 757 669 huius
804 604 924 667 loci
970 603 1184 667 indole
1231 601 1687 667 alienissimum
1737 607 1853 666 est.
1926 601 2087 665 solet
2133 600 2298 666 enim
2345 620 2603 683 grauem
2653 606 2764 666 aut
2807 603 2904 667 in-

446 721 876 803 dignationem
925 723 1035 784 aut
1081 718 1357 783 dolorem
1409 724 1518 784 aut
1551 718 1743 783 alium
1780 718 1975 781 animi
2007 718 2313 801 impetum
2349 716 2722 798 significare.
2795 720 2904 782 sed

443 843 660 902 nostro
708 836 845 900 loco
892 835 1128 900 teneris
1177 835 1499 900 blanditiis
1548 835 1611 897 in
1661 834 1909 917 puellae
1957 835 2224 914 gratiam
2277 854 2342 898 se
2388 833 2688 897 insinuat.
2768 840 2903 898 tum

446 951 613 1037 quod
644 951 880 1016 Bekius
929 951 1141 1036 posuit
1186 975 1272 1014 an
1318 951 1479 1014 mihi
1519 974 1689 1013 nunc
1736 956 1998 1033 propter
2029 949 2334 1030 languens
2365 948 2522 1013 illud
2552 974 2722 1015 mmo
2752 950 2904 1014 ferri

443 1090 568 1134 non
616 1073 840 1152 potest.
934 1066 1159 1131 deinde
1197 1065 1405 1131 Iacobi
1452 1066 1903 1130 coniecturam:

1012 1195 1147 1250 haut
1182 1196 1312 1248 mihi
1351 1197 1424 1249 sit
1460 1196 1632 1250 maior
1668 1211 1827 1250 carae
1865 1197 2117 1251 custodia
2153 1196 2359 1264 matris,

1123 1293 1258 1347 haut
1294 1294 1411 1347 sine
1449 1300 1503 1347 te
1540 1295 1687 1347 uitae
1727 1310 1858 1348 cura
1896 1294 1967 1348 sit
2003 1296 2113 1348 ulla
2150 1309 2323 1348 meae.

444 1415 897 1497 Hertzbergius
952 1420 1213 1498 propter
1259 1412 1429 1478 illam
1480 1413 1828 1497 particulae
1875 1416 2030 1479 haut
2074 1413 2436 1497 anaphoran
2478 1417 2647 1478 recte
2688 1431 2902 1496 repre-

443 1532 680 1597 hendit.
745 1530 1013 1611 denique
1044 1529 1232 1594 Keilii
1276 1554 1429 1594 nam
1473 1531 1633 1594 mihi
1675 1530 1866 1594 nimis
1915 1531 2265 1613 pedestrem
2302 1530 2645 1593 orationem
2681 1547 2902 1611 sapere

441 1649 598 1713 mihi
644 1647 916 1711 uidetur.

621 1765 836 1846 itaque
885 1761 1025 1824 uide
1073 1780 1223 1824 num
1271 1761 1472 1841 magis
1518 1760 1767 1844 placeat
1815 1760 1960 1824 hoc:

1011 1907 1083 1945 an
1121 1891 1251 1944 mihi
1290 1907 1396 1944 non
1436 1892 1607 1944 maior
1643 1907 1772 1945 cara
1809 1890 2062 1945 custodia
2099 1894 2271 1943 matre
2308 1905 2368 1943 es
2462 1926 2467 1932 -

1120 1994 1217 2042 aut
1252 1989 1369 2043 sine
1406 1995 1462 2042 te
1500 1990 1649 2043 uitae
1687 2005 1819 2042 cura
1855 1990 1928 2042 sit
1963 1990 2078 2042 ulla
2114 1990 2308 2042 meae‘?

441 2109 732 2175 custodia
778 2130 850 2173 ea
898 2115 994 2172 est
1026 2128 1185 2190 quae
1216 2109 1585 2190 custoditur,
1633 2115 1707 2172 ut
1738 2129 1914 2172 amor
1947 2129 2021 2173 ea
2053 2129 2210 2191 quae
2243 2114 2514 2189 amatur,
2561 2126 2709 2171 cura
2743 2126 2899 2189 quae

442 2231 698 2291 curatur
745 2223 996 2287 similia.
1054 2244 1256 2305 neque
1306 2243 1492 2306 quam
1542 2224 1727 2288 facile
1774 2244 1852 2287 ex
1899 2238 2131 2289 matres
2177 2242 2579 2307 corrumpere
2626 2222 2902 2306 potuerit

440 2345 697 2423 matris,
757 2359 1071 2422 quamque
1117 2340 1470 2404 necessario
1522 2340 1683 2404 hunc
1729 2359 2004 2404 errorem
2056 2339 2214 2403 alter
2262 2362 2449 2403 carae
2495 2342 2746 2424 secutus
2793 2339 2896 2421 sit,

443 2478 700 2523 monere
747 2476 904 2541 opus
955 2462 1070 2520 est.

513 2588 583 2656 ΙΙ,
621 2589 708 2657 22,
745 2586 832 2640 44.
1013 2590 1125 2655 aut,
1165 2585 1212 2639 si
1248 2601 1310 2639 es
1348 2585 1501 2655 dura,
1539 2601 1698 2654 nega.
1776 2586 1863 2640 sin
1902 2601 1962 2640 es
2000 2602 2108 2640 non
2147 2586 2300 2654 dura,
2339 2586 2544 2642 uenito.

1120 2684 1253 2753 quid
1289 2686 1452 2738 iuuat.
1479 2689 1537 2737 et
1574 2685 1719 2739 nullo
1757 2700 1960 2753 ponere
2000 2684 2170 2738 uerba
2205 2685 2366 2739 loeo?

1012 2782 1101 2835 hic
1139 2798 1279 2835 unus
1318 2782 1472 2836 dolor
1514 2787 1600 2835 est
1636 2798 1706 2835 ex
1745 2782 1998 2836 omnibus
2035 2799 2162 2836 acer
2199 2784 2424 2851 amanti,

1120 2881 1363 2948 speranti
1401 2879 1584 2933 subito
1621 2881 1667 2934 si
1706 2896 1817 2949 qua
1853 2881 2040 2934 uenire
2078 2886 2262 2949 negat.

443 3014 502 3065 et
544 2998 689 3063 libri
739 3003 800 3062 et
848 2997 1039 3062 editio
1086 2996 1445 3080 Regiensis,
1493 3002 1563 3062 in
1593 2997 1898 3080 ¹PucciuS,
1947 3000 2122 3062 cuius
2172 3000 2514 3063 auctoritas
2561 3000 2905 3083 perexigua

443 3122 557 3180 est.
628 3135 830 3198 neque
879 3114 1202 3198 probabile
1250 3121 1347 3178 est
1390 3119 1461 3179 in
1509 3122 1872 3200 corruptum
1925 3136 2063 3180 esse
2108 3116 2173 3179 in
2222 3129 2298 3197 et,
2349 3121 2568 3179 contra
2612 3118 2684 3179 in
2727 3113 2906 3177 facil-

440 3232 591 3297 lime
650 3232 1011 3296 coniectura
1068 3230 1220 3294 oriri
1277 3232 1504 3314 potuit.
1608 3232 1774 3313 quod
1830 3252 1971 3296 cum
2026 3232 2217 3311 inter,
2252 3231 2631 3296 recentiores
2687 3230 2904 3295 doctos

440 3348 573 3413 fere
621 3352 884 3427 constet,
933 3338 1341 3411 coniectando
1390 3351 1602 3410 tamen
1652 3367 1690 3411 a
1736 3366 1886 3410 uero
1935 3346 2251 3412 aberrant.
2344 3367 2527 3411 nemo
2578 3347 2741 3411 enim
2793 3346 2902 3410 ad-

441 3464 564 3528 huc
610 3462 1014 3543 excogitauit,
1064 3461 1229 3546 quod
1278 3481 1400 3525 non
1452 3481 1644 3526 saeua
1690 3462 2066 3528 necessitate
2114 3464 2316 3544 magis
2353 3482 2540 3545 quam
2576 3462 2771 3547 proba
2803 3483 2905 3526 ar-

441 3579 914 3661 gumentatione
984 3577 1271 3642 effectum
1342 3579 1684 3643 uideretur.
1789 3578 2106 3663 Hauptius
2164 3580 2326 3643 enim
2387 3584 2472 3660 ei,
2546 3579 2712 3662 quod
2770 3579 2905 3642 sine

440 3697 602 3760 mihi
646 3695 754 3758 uix
802 3694 1007 3759 locum
1060 3693 1268 3777 habet,
1316 3693 1619 3759 Miillerus
1668 3700 1739 3759 ut
1787 3694 1946 3759 solet
1991 3721 2066 3775 a,
2118 3696 2322 3760 editor
2367 3695 2770 3780 nuperrimus
2818 3711 2900 3761 at.

443 3811 554 3876 sed
610 3831 753 3875 cum
804 3810 1060 3875 maioris
1109 3831 1330 3875 uersus
1379 3811 1694 3875 sententia
1742 3810 1893 3875 haec
1941 3813 2023 3876 sit
2069 3827 2182 3877 aut
2224 3836 2421 3898 παρα,
2470 3817 2531 3877 si
2573 3815 2769 3877 durae
2817 3835 2900 3891 ee,

439 3931 540 3992 sin
587 3929 807 3991 uenire
848 3931 1222 4012 promisisti,
1273 3931 1508 4008 uenito,
1559 3928 1688 3992 iam
1737 3934 2060 4012 exspecto:
2112 3932 2270 4014 quid
2313 3941 2370 3994 te
2413 3933 2642 3994 iuuare
2669 3942 2902 4016 potest,

440 4045 540 4108 hie
576 4046 919 4129 promissis
968 4047 1093 4107 tuis
1138 4066 1270 4109 non
1315 4046 1523 4109 ctare?
1570 4064 1760 4127 quam
1808 4043 1886 4109 ob
1934 4064 2067 4109 rem
2115 4046 2362 4110 malim:

1011 4174 1145 4242 quid
1183 4175 1338 4227 iuuat
1374 4174 1512 4228 haec
1550 4175 1697 4230 nullo
1733 4190 1937 4244 ponere
1974 4174 2146 4230 uerba
2181 4176 2336 4230 loco?

440 4295 591 4358 haec
646 4293 714 4356 in
762 4307 820 4359 et
873 4313 1061 4378 saepe
1119 4293 1534 4378 deprauatum
1598 4314 1735 4360 esse
1791 4314 1933 4360 cum
1989 4314 2172 4359 nemo
2228 4295 2481 4377 ignorat
2529 4302 2660 4360 tum
2716 4314 2902 4359 uersu

440 4406 520 4489 II,
571 4410 676 4490 23,
731 4410 764 4472 1
817 4408 1236 4475 demonstrari
1283 4416 1513 4495 potest,
1562 4411 1669 4475 ubi
1720 4409 1847 4476 GP
1898 4413 2069 4495 haec,
2118 4412 2172 4477 N
2207 4425 2282 4477 et.
