3428 5235
1627 338 1712 402 33

449 518 658 596 atque,
711 512 878 597 quod
927 512 1247 594 Augustus
1296 506 1562 578 multum
1609 505 1783 579 illam
1831 506 2102 580 Arabiae
2148 506 2538 582 inuasionem
2588 516 2708 582 sibi
2755 509 2901 603 pro·

445 631 720 696 futuram
773 649 909 694 esse
957 636 1323 714 sperauerat
1366 626 1519 713 (Str.
1552 627 1725 713 XVI,
1769 631 1831 713 4,
1875 630 1986 710 22)
2035 637 2287 714 tamque
2334 652 2434 698 res
2481 632 2646 698 male
2690 638 2900 716 gestas

448 765 634 828 aegre
700 743 846 810 tulit
889 750 960 810 ut
1005 745 1389 830 proditorem
1440 744 1784 831 Syllaeum,
1843 746 2308 835 Nabataeorum
2360 748 2603 832 ducem,
2665 742 2902 816 Romae

445 852 831 928 interficeret
876 860 987 944 (ib.
1023 858 1168 947 26),
1229 862 1476 927 Aelium
1528 860 1775 929 Gallum
1828 883 1903 928 ex
1955 863 2243 950 Aegypto
2293 861 2709 949 reuocaret*)‚
2755 870 2903 951 post

445 975 759 1044 infelicem
810 976 980 1042 illius
1028 979 1448 1062 expeditionis
1498 985 1792 1044 euentum
1841 985 2028 1064 poeta
2075 981 2179 1064 qui
2227 979 2444 1046 inflato
2478 1003 2584 1047 ore
2617 983 2897 1048 diuinam

445 1097 739 1164 Caesaris
798 1093 1059 1177 gloriam
1120 1095 1291 1159 canit
1345 1094 1749 1179 turpissimae
1805 1094 1974 1160 illius
2022 1096 2218 1162 cladis
2267 1098 2645 1164 mentionem
2694 1099 2900 1165 facere

444 1234 570 1279 non
630 1213 853 1298 potuit.
922 1211 1133 1295 itaque
1188 1210 1345 1275 illud
1405 1230 1656 1277 carmen
1713 1219 1859 1278 ante
1915 1215 2152 1278 exitum
2203 1214 2352 1278 anni
2401 1216 2532 1280 730
2577 1214 2895 1280 conditum

446 1349 585 1395 esse
643 1320 944 1412 sequitur.
1014 1327 1113 1392 cui
1169 1328 1438 1413 tempori
1495 1329 1683 1393 etiam
1745 1349 1965 1394 uersus
2018 1332 2118 1395 13.
2160 1332 2242 1396 14
2288 1332 2689 1397 conueniunt.
2749 1351 2895 1396 nam

443 1445 611 1511 filius
666 1436 958 1509 Phraatis
1030 1449 1159 1508 tum
1221 1443 1455 1509 Romae
1523 1444 1856 1510 tenebatur
1925 1450 1995 1510 ut
2065 1451 2245 1531 pater
2314 1448 2602 1532 quamuis
2656 1447 2896 1513 inuitus

453 1562 659 1627 omnia
706 1580 863 1645 quae
914 1559 1175 1624 Romani
1224 1558 1624 1644 imperabant
1668 1559 1877 1626 facere
1923 1567 2176 1627 coactus
2223 1567 2406 1654 esset.
2455 1566 2587 1627 tum
2639 1568 2897 1649 propter

328 1706 339 1713 ·
446 1697 698 1745 uersum
755 1678 865 1743 15:

833 1816 840 1821 ·
958 1787 1119 1842 India
1155 1788 1302 1858 quin,
1342 1787 1614 1857 Auguste,
1651 1754 1750 1843 tuo
1788 1788 1885 1843 dat
1921 1790 2061 1844 colla
2096 1789 2370 1860 triumpho

445 1918 708 2001 elegiam
769 1936 892 1982 non
955 1921 1098 1981 ante
1145 1935 1375 1980 annum
1414 1916 1540 1982 728
1590 1916 1889 2002 scriptam
1940 1937 2075 1982 esse
2122 1917 2587 1984 demonstrabo.
2636 1920 2895 2005 respicit

444 2036 610 2102 enim
661 2036 714 2100 is
762 2053 981 2099 uersus
1029 2032 1107 2098 ad
1150 2032 1447 2097 Indorum
1480 2031 1853 2115 legationem
1890 2053 2076 2118 quam
2110 2033 2233 2099 Dio
2265 2033 2428 2118 LIX,
2462 2035 2502 2101 9
2551 2033 2892 2118 significat:

442 2155 552 2217 καὶ
598 2134 658 2232 oi
697 2146 891 2231 Ἰνδοὶ
952 2148 1763 2235 προκηρυκευσοέμενοι
1811 2149 2184 2235 πρότερον
2232 2154 2457 2238 φιλίαν
2502 2151 2639 2218 τότε
2684 2153 2895 2218 ἐσπεί-

444 2291 677 2345 σαντο,
749 2265 1010 2331 Orosius
1068 2267 1138 2348 6,
1190 2267 1306 2348 21,
1352 2266 1483 2330 446
1552 2271 1625 2331 ut
1675 2248 1948 2332 'dubium
2021 2286 2158 2333 esse
2212 2288 2337 2332 non
2396 2269 2597 2352 possit
2648 2274 2891 2336 narrat:

442 2367 684 2451 interea
747 2385 1074 2449 Caesarem
1133 2383 1313 2468 apud
1371 2381 1828 2464 Tarraconem,
1886 2386 2197 2449 citeodoms
2241 2385 2602 2470 Hispaniae
2653 2385 2891 2469 urbem,

443 2504 638 2590 Zeyati
680 2501 991 2566 Indorum
1037 2513 1096 2565 et
1130 2497 1516 2584 Scytharum
1561 2511 1684 2564 toto
1737 2499 1882 2565 orbe
1928 2502 2295 2565 transmisso
2345 2503 2596 2566 tandem
2637 2504 2891 2568 inuene-

438 2632 610 2685 runt.
674 2623 810 2685 erat
857 2622 1065 2683 autem
1117 2615 1348 2682 Caesar
1396 2617 1577 2682 annis
1628 2617 1755 2683 728
1804 2622 1867 2683 et
1916 2619 2043 2683 729
2091 2617 2259 2703 apud
2307 2617 2745 2686 Tarraconem.

1631 2887 1690 2952 8.

621 3049 781 3114 quae
836 3033 1167 3114 praeterea
1220 3028 1344 3092 uiri
1403 3027 1570 3093 docti
1628 3028 1705 3094 de
1761 3028 2151 3113 temporibus
2206 3028 2721 3114 disputauerunt,
2781 3036 2890 3099 aut

433 3144 626 3211 dubia
658 3151 806 3211 sunt
837 3150 947 3210 aut
975 3143 1152 3210 falsa.
1203 3164 1348 3209 nam
1386 3149 1456 3209 ut
1488 3144 1846 3229 exemplum
1882 3144 2188 3228 adferam,
2234 3145 2400 3230 quod
2431 3144 2885 3230 Hertzbergius

432 3262 758 3327 contendit
803 3260 1055 3327 Aelium
1103 3258 1352 3325 Gallum
1399 3261 1674 3346 Aegypti
1726 3261 2108 3345 praefectum
2159 3266 2223 3327 et
2253 3260 2564 3347 Propertii
2613 3265 2883 3329 amicum

434 3379 698 3445 eundem
748 3399 915 3463 esse,
973 3385 1234 3464 prorsus
1278 3380 1586 3445 incertum
1639 3379 1794 3444 mihi
1841 3379 2111 3445 uidetur.
2180 3379 2290 3445 sed
2337 3385 2670 3465 antequam
2718 3379 2886 3446 iudi-

432 3515 644 3563 cemus
691 3496 1084 3563 conferamus

537 3636 579 3705 1,
616 3636 704 3704 21,
740 3635 777 3691 4
814 3650 932 3706 sqq.
1041 3634 1195 3690 Miles
1235 3663 1296 3673 -

626 3763 630 3767 -
694 3763 699 3766 -
1141 3749 1268 3803 pars
1304 3746 1409 3802 ego
1447 3747 1568 3787 sum
1608 3738 1829 3788 uestrae
1868 3732 2118 3801 proxima
2153 3733 2397 3789 militiae.

1046 3832 1126 3887 sic
1160 3836 1218 3887 te
1255 3836 1476 3886 seruato
1514 3835 1577 3886 ut
1613 3832 1828 3900 possint
1864 3831 2107 3900 gaudere
2143 3836 2401 3902 parentes

1179 3945 1281 3985 nec
1317 3944 1471 3984 soror
1509 3935 1635 3984 acta
1671 3930 1783 3985 tuis
1822 3930 2025 4000 sentiat
2061 3944 2093 3984 e
2128 3929 2384 3984 lacrimis.

429 4063 722 4145 parentes
767 4059 860 4124 illi
904 4059 1204 4141 fugientis
1238 4057 1470 4124 militis
1512 4066 1806 4143 parentes
1847 4065 2014 4141 sunt,
2063 4077 2190 4123 non
2222 4056 2473 4126 mortui.
2520 4077 2679 4140 nego
2712 4058 2878 4125 enim

429 4174 591 4241 illud
638 4176 1031 4241 enuntiatum
1084 4176 1174 4240 sic
1221 4174 1421 4259 accipi
1470 4194 1684 4258 posse:
1734 4175 1825 4239 sic
1871 4180 1933 4239 te
1980 4179 2253 4257 seruato,
2299 4179 2371 4238 ut
2413 4173 2539 4240 mei
2586 4180 2879 4258 parentes

556 4399 610 4465 ²¹⁸)
647 4396 755 4450 iam
783 4355 926 4449 enim
952 4394 1106 4450 initio
1131 4394 1256 4448 anni
1285 4395 1386 4449 731
1412 4394 1447 4467 i.
1469 4408 1517 4448 e.
1539 4393 1773 4449 Herodis
1800 4393 1954 4462 regni
1980 4408 2124 4448 anno
2149 4397 2343 4462 quarto
2370 4391 2582 4470 decimo
2601 4393 2876 4450 Herodem

429 4513 463 4550 a
487 4496 758 4564 Petronio,
787 4494 1024 4563 Aegypt-i
1051 4490 1347 4563 praefecto,
1375 4507 1644 4548 annonam
1673 4492 1873 4547 emisse
1900 4490 2165 4561 Iosephus
2189 4490 2417 4545 tradidit
2443 4490 2691 4560 (Antiqq.
2718 4491 2875 4548 Iudd.

427 4591 551 4661 XV,
589 4593 639 4661 9,
666 4577 750 4659 Ἰ).
2380 4675 2415 4730 3
