3428 5235
1700 315 1788 378 49

513 490 657 581 ipsa
702 498 913 559 autem
962 497 1299 577 praecepta
1345 492 1534 557 etiam
1585 491 1793 555 minus
1839 490 2095 554 indocta
2141 509 2278 554 esse
2325 494 2686 573 potuerunt.
2772 510 2978 573 neque

513 613 710 692 igitur
756 609 868 674 illa
912 612 1173 675 indocta
1217 612 1461 673 anseris
1508 611 1797 672 carmina
1842 605 2325 690 explicationem
2370 605 2599 671 habere
2631 611 2805 690 puto,
2853 606 2978 670 nisi

517 727 596 792 ad
634 724 931 790 Bucolica
979 746 1052 790 ea
1097 725 1355 806 referaS,
1404 725 1508 789 ubi
1556 724 1954 788 indoctorum
2002 726 2328 807 pastorum
2379 723 2486 806 qui
2534 722 2750 787 decem
2791 722 2978 788 malis

517 841 758 927 puellas
805 861 1209 926 corrumpere
1256 845 1600 925 potuerunt
1646 858 1892 905 amores
1941 838 2400 904 describuntur.
2465 858 2628 922 quae
2667 839 2980 904 sententia

515 957 614 1022 his
660 956 1098 1052 Bucolicorum
1148 956 1435 1021 uersibus
1482 953 1918 1019 confirmatur:

586 1088 637 1156 9,
675 1088 747 1141 35
784 1102 867 1155 sq.
1086 1101 1211 1138 nam
1250 1099 1429 1153 neque
1466 1083 1647 1138 adhuc
1686 1084 1854 1138 Vario
1894 1083 2085 1137 uideor
2120 1097 2221 1138 nec
2258 1083 2440 1137 dicere
2478 1083 2658 1138 Cinna

1089 1183 1274 1252 digna,
1313 1183 1413 1236 sed
1452 1188 1678 1251 argutos
1717 1182 1858 1235 inter
1897 1188 2142 1250 strepere
2180 1196 2342 1235 anser
2379 1182 2576 1236 olores.

517 1303 683 1386 quod
743 1304 795 1367 si
857 1307 1029 1367 recte
1088 1301 1440 1385 disputaui‚
1511 1302 1724 1366 nescio
1785 1301 2097 1384 quomodo
2154 1321 2377 1365 uersus
2426 1303 2531 1366 83.
2568 1301 2654 1366 84
2703 1306 2846 1385 post
2896 1302 2978 1366 76

516 1419 811 1501 legendos
860 1438 997 1483 esse
1045 1418 1347 1502 sequitur.

670 1535 952 1602 'tertium
1001 1538 1442 1616 argumentum
1491 1531 1688 1596 multo
1735 1531 1978 1596 firmius
2012 1551 2091 1596 ex
2124 1531 2529 1614 sequentibus
2563 1531 2979 1615 depromitur.

519 1671 666 1716 nam
721 1650 940 1716 uersiis
990 1652 1075 1716 85
1120 1652 1273 1714 haec
1318 1649 1441 1712 nisi
1490 1648 1570 1712 ad
1619 1649 1931 1712 amatoria
1978 1648 2261 1713 carmina
2308 1647 2529 1712 referri
2577 1667 2700 1711 non
2749 1654 2978 1731 potest.

701 1787 777 1832 ex
836 1767 933 1840 his
983 1765 1273 1830 omnibus
1320 1764 1386 1828 ni
1432 1763 1621 1828 fallor
1664 1765 2019 1828 necessario
2067 1764 2351 1846 sequitur
2398 1783 2500 1827 uu.
2529 1763 2564 1826 7
2577 1763 2794 1827 7—82
2841 1770 2986 1848 post

518 1904 578 1946 u.
613 1885 698 1947 66
748 1881 1043 1963 legendos
1091 1900 1246 1945 esse.
1312 1887 1446 1945 tum
1495 1880 1898 1964 aptissimum
1946 1879 2204 1944 habebis
2237 1879 2688 1943 sententiarum
2726 1899 2979 1944 nexum.

516 2016 661 2061 nam
722 2002 866 2080 post
923 1997 1084 2061 seria
1139 1996 1421 2061 carmina
1467 1994 1728 2076 Vergilii
1792 1994 1871 2059 ad
1928 1995 2237 2059 amatoria
2293 2000 2481 2078 poeta
2536 1995 2766 2059 transit
2821 2015 2982 2078 quae

517 2112 839 2193 ingenium
886 2111 1057 2175 illius
1103 2131 1228 2175 non
1268 2112 1662 2176 imminuisse
1711 2110 1987 2175 affirmat
2034 2111 2375 2194 eademque
2408 2112 2599 2176 etiam
2634 2110 2981 2177 Varronem

518 2225 832 2293 Catullum
892 2226 1154 2293 Caluum
1218 2226 1465 2293 Gallum
1527 2228 1848 2292 cecinisse.
1944 2225 2170 2310 quibus
2230 2227 2713 2308 cogitationibus
2771 2227 2851 2291 ad
2906 2247 2982 2292 ea

517 2325 877 2424 reuertitur,
921 2363 1082 2427 quae
1115 2364 1308 2428 supra
1338 2342 1589 2428 Lynceo
1623 2344 1917 2431 exposuit
1949 2344 2255 2407 amatoria
2288 2344 2344 2407 ei
2377 2344 2660 2408 carmina
2688 2342 2982 2424 fingenda

518 2478 684 2540 esse,
753 2458 1193 2542 concluditque
1261 2466 1323 2523 et
1394 2459 1555 2523 hanc
1634 2459 1899 2539 elegiam
1960 2466 2023 2524 et
2083 2459 2283 2523 totum
2341 2458 2570 2524 librum
2631 2459 2979 2542 aptissime,

517 2593 657 2639 cum
708 2575 996 2659 quintum
1044 2574 1250 2641 locum
1301 2581 1445 2661 post
1490 2574 1632 2640 illos
1681 2575 1799 2641 sibi
1848 2576 2078 2660 cupiat.

696 2956 919 3020 ultimo
967 2956 1101 3020 loco
1151 2962 1496 3039 sequantur
1543 2956 1703 3021 duae
1752 2957 2178 3021 coniecturae:

587 3069 634 3137 I,
679 3071 764 3137 11,
803 3070 898 3122 21:
1094 3085 1164 3122 an
1202 3068 1333 3122 mihi
1372 3084 1480 3123 non
1519 3071 1690 3123 maior
1728 3084 1890 3123 carae
1928 3068 2180 3124 custodia
2216 3069 2405 3122 matris

1198 3171 1295 3219 aut
1332 3166 1451 3220 sine
1486 3172 1542 3220 te
1580 3166 1729 3220 uitae
1767 3182 1899 3220 cura
1936 3167 2009 3220 sit
2045 3166 2157 3220 ulla
2192 3166 2388 3219 meae?

527 3306 714 3370 quem
764 3305 1015 3351 uersum
1065 3304 1227 3351 unus
1259 3284 1519 3352 Iacobus
1566 3285 1746 3370 isque
1793 3285 2154 3352 dubitanter
2198 3284 2531 3350 defendere
2575 3291 2866 3369 conatur,
2913 3301 2984 3352 ut

515 3401 995 3486 interpretetur:
1067 3426 1151 3466 cm
1203 3403 1364 3466 mihi
1418 3426 1549 3467 non
1602 3406 1812 3467 maior
1865 3415 1976 3467 tua
2035 3404 2323 3467 custodia
2374 3406 2597 3467 matris
2654 3404 2982 3468 custodia?

518 3516 630 3581 sed
678 3517 731 3581 si
780 3517 938 3582 tales
986 3517 1308 3581 machinas
1342 3517 1788 3602 explicatorias
1820 3537 2074 3582 mouere
2104 3518 2343 3599 liceret,
2392 3517 2590 3582 multo
2623 3518 2832 3602 aptius
2865 3518 2983 3584 hoc

518 3638 686 3697 esset
732 3658 816 3698 an
862 3656 993 3697 non
1035 3656 1175 3698 mea
1223 3637 1320 3698 tui
1356 3657 1512 3720 estora
1542 3635 1737 3707 multo
1770 3638 1978 3700 maior
2005 3638 2228 3699 matris
2261 3638 2359 3700 tui
2386 3635 2584 3699 cura?
2629 3639 2698 3699 at
2727 3639 2979 3720 poetam

517 3750 902 3814 contrarium
952 3749 1087 3813 eius
1136 3749 1302 3834 quod
1335 3749 1543 3815 dicere
1573 3750 1881 3816 uoluisset
1912 3750 2150 3815 dixisse
2182 3770 2296 3834 ego
2327 3770 2673 3835 numquam
2705 3750 2979 3843 credam.
3026 3816 3029 3819 ,

519 3867 572 3930 si
623 3872 832 3930 autem
884 3864 1355 3931 emendationes
1403 3866 1684 3932 uirorum
1736 3866 2061 3932 doctorum
2097 3866 2717 3952 perlustrauerimus‚
2764 3885 2980 3931 omnes

516 3982 742 4049 iisdem
793 3987 856 4047 et
902 4002 1016 4047 suo
1065 4001 1377 4066 quemque
1422 3982 1581 4048 uitio
1612 3983 1901 4049 laborare
1932 3983 2392 4064 intellegemus,
2463 4002 2680 4048 omnes
2714 3982 2882 4046 enim
2915 3982 2980 4046 id

516 4103 929 4163 mutauerunt
975 4098 1140 4182 quod
1183 4098 1581 4184 aptissimum
1618 4118 2016 4205 nequaquam
2048 4099 2283 4164 mutari
2316 4098 2603 4181 debebat,
2652 4098 2791 4163 dico
2823 4097 2981 4163 illud
3026 4112 3029 4115 ’

515 4241 603 4280 an
646 4239 803 4281 non:
856 4214 1047 4300 culpa
1091 4219 1282 4279 nimii
1325 4219 1562 4279 amoris
1610 4206 1717 4279 ἐει.
1797 4240 1881 4280 an
1926 4239 2055 4280 non
2100 4218 2631 4280 uehementissime
2676 4226 2733 4279 te
2779 4215 2980 4299 diliyo

516 4346 573 4396 et
620 4332 946 4396 custodio?
991 4330 1216 4396 deinde
1249 4349 1468 4394 omnes
1502 4329 1872 4395 effecerunt:
1920 4344 2184 4396 matrem
2212 4355 2341 4397 non
2372 4335 2578 4417 maqis
2610 4354 2753 4395 amo
2788 4353 2981 4415 quam

515 4461 591 4526 te,
640 4465 779 4512 cum
831 4452 1368 4531 exspectaremus:
1419 4460 1475 4511 te
1520 4450 1723 4531 anaqis
1769 4470 1911 4512 amo
1961 4470 2153 4531 quam
2197 4460 2479 4512 matrem.
2553 4445 2721 4532 quod
2766 4449 2978 4510 autem

515 4582 631 4647 pro
687 4587 774 4627 an
820 4561 1046 4628 Petrus
1093 4560 1493 4627 Burmannus
1540 4575 1610 4627 at
1654 4563 1893 4646 posuit,
1954 4581 2028 4627 ea
2075 4563 2599 4645 quaeartissime
2645 4562 2982 4628 cohaerent

2479 4667 2515 4719 4
