3428 5235
1673 353 1758 417 10

1679 615 1742 679 3.

637 750 679 821 1,
716 751 768 822 5,
805 752 866 808 9:
903 767 1013 807 non
1049 755 1138 807 est
1172 752 1263 807 illa
1299 753 1457 822 uagis
1493 753 1685 808 similis
1722 783 1789 794 —-

918 849 1064 921 quod
1102 850 1151 905 si
1184 851 1325 906 forte
1361 851 1470 906 tuis
1507 866 1616 906 non
1653 857 1740 907 est
1775 853 2049 907 contraria
2084 852 2247 923 uotis,

1063 953 1121 1002 at
1156 948 1256 1004 tibi
1291 964 1542 1004 curarum
1582 950 1731 1005 milia
1766 956 1972 1020 quanta
2009 950 2185 1008 dabit!

670 1073 827 1155 illud
880 1080 1043 1143 uotis
1102 1077 1178 1143 ab
1236 1076 1452 1143 eodem
1511 1077 1910 1164 Neapolitani
1978 1084 2327 1146 correctore
2382 1084 2480 1146 est
2540 1100 2576 1144 a
2625 1097 2747 1165 quo
2795 1097 2942 1164 per-

496 1189 732 1257 multae
776 1212 965 1258 uerae
1011 1193 1309 1260 lectiones
1342 1195 1810 1280 suprascriptae
1842 1201 2007 1280 sunt,
2059 1196 2232 1262 uelut
2265 1198 2579 1283 cythainis
2612 1214 2727 1281 pro
2760 1193 2946 1282 cyfi)-

497 1304 835 1392 th(t)alinis
882 1308 929 1392 Ι,
985 1311 1040 1393 1,
1090 1311 1195 1392 24,
1241 1311 1436 1375 ila‘ira
1483 1332 1597 1396 pro
1644 1308 1971 1396 t(h)elaira
2014 1314 2243 1379 telaria
2287 1312 2336 1397 Ι,
2386 1315 2450 1395 2,
2506 1314 2609 1395 16,
2657 1334 2781 1398 quo
2811 1311 2947 1375 rhi-

493 1448 688 1511 paeos
734 1445 809 1490 ex
860 1430 1184 1514 coripaeos
1229 1426 1276 1510 Ι,
1326 1428 1390 1509 6,
1440 1428 1480 1492 3
1528 1427 1652 1493 alia
1700 1429 1916 1494 multa.
2021 1430 2162 1513 quis
2219 1433 2348 1495 tam
2406 1429 2626 1495 doctus
2683 1432 2821 1492 erat
2877 1429 2949 1491 ut

498 1546 592 1604 tot
659 1541 853 1606 bonas
910 1543 1300 1608 coniecturas
1370 1544 1798 1627 excogitaret?
1879 1566 1955 1610 an
2017 1566 2142 1611 non
2214 1546 2411 1611 satius
2481 1551 2576 1611 est
2643 1545 2800 1610 haec
2868 1564 2948 1610 ex

497 1661 712 1722 uetere
771 1659 1115 1745 exemplari
1174 1665 1454 1725 correcta
1524 1681 1660 1727 esse
1731 1661 1994 1746 putare?
2063 1662 2277 1746 itaque
2345 1683 2485 1729 cum
2557 1665 2802 1728 constet
2869 1661 2946 1726 de

500 1775 874 1841 auctoritate
921 1776 1231 1842 secundae
1278 1776 1680 1863 Neapolitani
1729 1797 1974 1862 manuS‚
2032 1778 2159 1844 iam
2209 1780 2661 1846 sententiarum
2710 1798 2946 1845 nexum

497 1889 847 1958 uideamus.

1089 1994 1198 2035 non
1235 1983 1322 2035 est
1356 1980 1447 2034 illa
1482 1980 1642 2049 uagis
1679 1981 1870 2035 similis
1908 1983 2126 2036 conlata
2159 1981 2355 2051 puellis

1248 2078 1484 2133 molliter
1518 2080 1680 2134 irasci
1716 2095 1826 2135 non
1863 2081 2004 2135 solet
2039 2081 2131 2135 illa
2166 2080 2283 2135 tibi.

573 2210 578 2214 ⁴
677 2223 976 2290 Italorum
1047 2228 1198 2290 sciet
1258 2230 1509 2310 recepto
1565 2230 1734 2292 recte
1793 2225 1995 2293 editor
2053 2226 2454 2312 nuperrimus
2512 2228 2723 2307 rogat:
2796 2247 2950 2290 num

497 2364 813 2428 uayarum
859 2345 1214 2430 leuiumque
1255 2345 1617 2430 puellarum
1663 2358 1752 2411 est
1771 2436 1773 2439 ι
1792 2349 2157 2432 proprium,
2202 2346 2475 2411 molliter
2520 2345 2950 2410 tantummodo

498 2460 887 2527 amatoribus
931 2465 1133 2527 irasci
1176 2476 1233 2528 et
1273 2485 1538 2548 yrauem
1563 2463 1869 2546 furorem
1916 2466 2169 2528 omnino
2214 2463 2491 2528 nescire?
2544 2460 2735 2526 nimis
2783 2465 2951 2526 certe

501 2577 832 2644 obscurum
881 2599 1131 2646 sensum
1181 2579 1587 2645 coniectando
1636 2577 2189 2666 effecerunt-quod
2236 2598 2421 2662 aegre
2445 2591 2714 2666 propter
2745 2578 2949 2643 auda-

499 2698 664 2760 ciam
711 2706 886 2761 tuam
951 2697 1033 2761 ad
1104 2697 1363 2762 verbum
1432 2700 1633 2762 irasci
1686 2697 1958 2762 auditur.
2061 2698 2160 2762 cui
2223 2703 2434 2762 autem
2495 2695 2738 2781 placeat
2793 2692 2951 2759 illud

499 2811 691 2877 sciet?
785 2832 944 2896 quae
993 2810 1457 2900 hoc,uocabulo
1502 2812 1773 2877 infertur
1818 2813 2014 2895 notio,
2074 2832 2198 2896 qua
2241 2813 2444 2879 lucem
2494 2811 2765 2895 accipiat
2809 2830 2951 2876 sen-

501 2927 744 2994 tentia?
817 2947 895 2994 an
941 2948 1066 2994 non
1117 2948 1377 3014 prorsus
1426 2948 1959 3014 superuacaneum
2023 2929 2154 2995 est?
2222 2949 2336 2995 nec
2380 2927 2822 2994 Lachmannus
2879 2931 2950 2992 eo

501 3045 666 3129 quod
714 3047 928 3131 posuit
973 3049 1118 3111 time
1165 3045 1376 3111 omnia
1421 3046 1762 3131 expediuit.
1831 3066 1941 3111 cur
1987 3045 2153 3111 enim
2201 3043 2474 3131 Cynthia
2520 3045 2827 3109 irascatur
2874 3062 2952 3108 ne

502 3160 593 3226 sic
657 3161 906 3245 quidem
980 3162 1229 3228 dicitur.
1340 3171 1473 3227 tum
1536 3163 1885 3248 nuperrimi
1948 3163 2206 3228 editoris
2269 3163 2395 3228 sibi
2464 3161 2788 3227 obscurius
2857 3162 2956 3225 est

506 3279 733 3344 ceteris
781 3279 1112 3365 scripturis
1159 3279 1469 3362 omnibus,
1517 3279 1678 3363 quod
1729 3299 1911 3344 nemo
1959 3286 2089 3344 tam
2137 3299 2333 3362 sagax
2381 3285 2477 3344 est
2520 3283 2611 3361 ut,
2659 3278 2713 3342 si
2754 3277 2951 3358 legat:

500 3396 774 3490 molliter
817 3399 1016 3461 irasci
1070 3419 1201 3463 non
1246 3397 1401 3461 solet
1454 3397 1572 3461 illa
1627 3398 1782 3477 sibi,
1845 3395 2060 3460 audiat
2120 3419 2259 3461 cum
2317 3408 2525 3461 tamen
2570 3396 2952 3482 peccauerit.

506 3520 837 3596 praeterea
881 3531 1065 3578 nemo
1113 3512 1316 3577 adhuc
1363 3512 1511 3596 quid
1559 3512 1681 3578 sibi
1728 3511 1920 3577 uellet
1964 3510 2121 3577 illud
2156 3513 2386 3578 collata
2418 3510 2742 3597 explicuit,
2790 3509 2955 3594 quod

504 3648 582 3694 ex
630 3627 729 3694 his
775 3629 1124 3694 rationibus
1186 3628 1474 3694 omnibus
1530 3628 1995 3713 ineptissimum
2049 3633 2233 3695 esset.
2312 3647 2457 3693 nam
2510 3632 2641 3692 tum
2701 3627 2951 3692 demum

505 3744 840 3832 Cynthiam
891 3746 1030 3811 aliis
1064 3745 1347 3811 ‘similem
1399 3745 1599 3810 uideri
1646 3763 1834 3830 posse
1881 3745 1936 3809 si
1981 3764 2123 3810 cum
2155 3745 2236 3810 iis
2269 3744 2646 3827 conferatur,
2694 3741 2812 3808 hoc
2842 3762 2957 3828 per

498 3882 574 3928 >se
621 3861 932 3928 mehercle
978 3862 1379 3947 perspicuum
1430 3867 1585 3927 erat.

683 4006 896 4092 itaque
940 4007 1065 4072 iam
1116 4026 1322 4072 meum
1371 4006 1590 4072 audias
1638 4008 2091 4071 commentum:

1109 4162 1220 4203 non
1257 4152 1345 4203 est
1378 4147 1470 4202 illa
1508 4146 1663 4216 uagis
1701 4145 1891 4200 similis
1929 4144 2126 4200 collata
2160 4143 2355 4215 puellis

1359 4246 1614 4315 (molliter
1648 4245 1811 4299 irasci
1849 4259 1958 4299 non
1997 4244 2137 4299 solet
2171 4243 2283 4311 illa)
2320 4241 2438 4298 tibi.

685 4380 871 4464 uayis
938 4382 1002 4442 et
1058 4377 1135 4442 ad
1205 4378 1432 4442 similis
1487 4380 1552 4441 et
1624 4374 1701 4440 ad
1769 4375 2033 4457 collata,
2101 4372 2364 4439 uerbum
2436 4383 2527 4438 eet
2581 4368 2661 4435 ad
2727 4370 2961 4435 collata

509 4494 807 4580 pertinet:
867 4508 959 4560 eet
1000 4496 1119 4559 illa
1163 4494 1284 4560 tibi
1324 4497 1511 4581 uayie
1558 4494 1811 4572 collata,
1869 4494 1979 4558 aed
2020 4513 2151 4557 uon
2194 4494 2287 4556 ita
2332 4502 2403 4555 ut
2446 4491 2529 4555 iis
2576 4487 2805 4553 similis
2851 4487 2955 4567 sit,

510 4618 584 4680 ut
627 4610 691 4677 id
739 4630 985 4697 quoque
1033 4616 1338 4698 appareat
1394 4630 1506 4677 cur
1565 4608 1845 4675 additum
1907 4609 1990 4674 sit
2043 4608 2316 4674 molliter
2367 4607 2567 4672 irasci
2623 4623 2753 4670 non
2808 4602 2962 4667 solet
