3428 5235
1687 329 1777 394 30

499 505 735 572 Romae
787 501 1042 571 tenebat
1096 503 1379 570 obsidem
1433 512 1554 590 'per
1611 522 1878 588 eumque
1932 502 2000 570 se
2055 504 2269 571 omnia
2328 510 2754 572 assecuturum
2817 508 2965 574 ess'e·

500 621 814 709 sperabat.
877 616 987 687 illo
1037 625 1246 687 autem
1280 618 1458 687 'anno
1504 619 1696 704 legati
1730 620 2107 687 Parthorum
2157 626 2222 688 et
2266 627 2529 708 tropaea
2574 628 2637 691 et
2669 622 2962 709 captiuos*

499 758 569 805 se
611 738 968 804 reddituros
1014 757 1151 803 esse
1197 738 1660 824 promiserunt,
1709 743 1780 803 ιιι
1823 737 2148 820 Augustus
2198 736 2491 804 Phraatis
2538 737 2735 806 filium
2783 741 2952 826 patri

499 857 866 922 remitteret.
973 874 1175 939 neque
1243 853 1564 921 mensibus
1635 854 1925 939 proxime
1995 855 2402 939 sequentibus
2474 854 2708 921 Caesar
2777 860 2952 923 tanto

498 972 703 1059 spatio
750 973 917 1038 inter
962 969 1208 1037 Italiam
1259 976 1323 1036 et
1358 966 1740 1036 Parthorum
1791 990 2051 1053 regnum
2101 970 2428 1037 interiecto
2469 970 2761 1039 Phraatis
2807 992 2955 1059 pro-

499 1089 711 1156 missis
772 1094 942 1155 stare
999 1087 1353 1153 cunctantis
1410 1084 1738 1172 perfidiam
1801 1087 1956 1153 adeo
2005 1092 2075 1152 ut
2120 1087 2351 1153 bellum
2402 1087 2762 1155 decerneret
2807 1109 2953 1175 per·

498 1205 740 1292 spicere
809 1203 1032 1289 potuit.
1124 1208 1257 1267 tum
1328 1202 1455 1268 iam
1513 1223 1662 1268 uere
1723 1203 1872 1269 anni
1934 1204 2061 1270 732
2119 1203 2362 1270 Tiberis
2417 1204 2635 1272 urbem
2696 1207 2951 1291 inuasit,

494 1320 863 1387 fulminibus
926 1338 1064 1385 eum
1126 1318 1326 1385 multa
1383 1319 1509 1384 alia
1566 1323 1697 1384 tum
1764 1319 1946 1385 hasta
2002 1321 2164 1401 sigui
2222 1320 2494 1403 Augusti
2551 1323 2616 1388 in
2671 1321 2952 1389 Pantheo

497 1439 688 1526 positi
734 1438 859 1503 iota
908 1442 1025 1521 est,
1073 1440 1252 1521 peste
1299 1440 1363 1502 et
1405 1437 1571 1502 fame
1617 1435 1917 1522 permulti
1965 1437 2323 1521 perierunt,
2380 1444 2450 1504 ut
2495 1442 2590 1504 tot
2635 1440 2952 1525 tantisque

496 1555 681 1621 malis
725 1552 1222 1639 irrumpentibus
1270 1551 1655 1637 Italiamque
1691 1552 2165 1619 deuastantibus
2199 1552 2432 1620 Caesar
2478 1556 2554 1621 de
2602 1556 2762 1623 bello
2796 1557 2950 1624 Par-

495 1672 661 1738 thico
719 1671 993 1753 cogitare
1051 1668 1311 1734 omnino
1369 1689 1493 1734 non
1552 1674 1786 1755 posset.
1881 1680 2146 1754 eumque
2205 1670 2431 1736 librum
2487 1673 2744 1737 tertium
2807 1679 2951 1759 post

494 1787 767 1869 Augusti
800 1785 1247 1872 profectionem
1283 1785 1520 1852 editum
1555 1806 1690 1852 esse
1723 1790 1966 1852 constet
1998 1787 2074 1852 de
2107 1806 2231 1871 qua
2260 1807 2330 1853 re
2362 1787 2505 1853 uide
2538 1807 2789 1854 carmen
2822 1792 2947 1874 12„

493 1904 733 1969 nullum
782 1907 1032 1988 tempus
1080 1907 1209 1984 est,
1260 1921 1382 1985 quo
1432 1902 1668 1968 maiore
1714 1902 2090 1969 necessitate
2137 1900 2502 1987 Propertius
2548 1905 2788 1971 moueri
2839 1925 2949 1991 po-

493 2020 689 2086 tuerit
732 2024 803 2084 ιιι
849 2018 1061 2083 dedita
1107 2037 1300 2103 opera
1344 2036 1597 2084 carmen
1646 2023 2052 2103 componeret
2097 2019 2439 2109 quoquasi
2472 2018 2588 2085 sub
2621 2026 2944 2106 aspectum

495 2142 778 2203 nostrum
831 2135 1143 2202 exereitus
1191 2135 1639 2219 profectionem
1690 2134 1965 2218 subiicit,
2015 2154 2199 2218 quam
2249 2135 2390 2219 ipsa
2434 2133 2544 2200 illa
2573 2135 2846 2217 Augusti
2888 2141 2951 2203 et

494 2252 806 2320 exereitus
854 2251 1156 2337 profectio
1204 2270 1387 2333 quam
1424 2249 1692 2315 Dionem
1744 2255 1994 2315 secutus
2042 2250 2295 2315 exeunti
2344 2270 2507 2315 anno
2556 2253 2684 2317 732
2717 2251 2947 2318 tribuo.

492 2389 634 2437 oum
683 2369 846 2436 enim
897 2367 1005 2434 ille
1049 2371 1268 2432 narret
1313 2386 1385 2431 eo
1434 2372 1634 2432 ortam
1686 2385 1825 2433 esse
1872 2385 2157 2432 annonae
2203 2365 2526 2433 caritatem
2563 2387 2947 2452 quam‘anno

495 2488 623 2553 732
656 2485 981 2568 Augustus
1029 2482 1285 2550 sustulit
1333 2482 1497 2567 quod
1548 2488 1808 2569 propter
1851 2490 2091 2569 pestem
2127 2502 2276 2566 ager
2308 2483 2433 2550 ooli
2461 2503 2583 2549 non
2619 2486 2945 2571 potuisset,

492 2608 637 2690 post
693 2623 958 2668 messem
1016 2600 1246 2667 famem
1306 2597 1550 2666 Italiam
1610 2600 1918 2667 inuasisse
1966 2594 2248 2686 apparet.
2344 2621 2530 2686 quam
2581 2602 2830 2669 etiamsi
2878 2606 2949 2672 ἐν

492 2716 735 2802 ὀλίγαις
803 2717 1064 2807 ἡμέραις
1131 2714 1178 2803 (.
1205 2724 1333 2786 ΝΩ
1358 2767 1373 2784 .
1399 2725 1473 2784 I.
1500 2714 2041 2802 ΑΙΣΗΜΕΡΑΙ)
2111 2716 2344 2784 Caesar
2413 2718 2682 2805 expulit,
2753 2726 2825 2787 ut
2881 2722 2944 2786 in

489 2835 894 2903 Monumento
942 2835 1277 2920 Aneyrano
1337 2832 1510 2920 (pars
1565 2852 1793 2917 graeca
1839 2837 1902 2919 3,
1954 2837 1989 2901 7
2039 2834 2134 2899 ed.
2182 2832 2503 2919 Momms.)
2560 2834 2697 2921 ipse
2754 2837 2829 2902 de
2876 2857 2944 2904 se

489 2951 816 3036 gloriatur,
861 2956 1074 3018 tamen
1123 2950 1471 3038 posteriore
1515 2951 1659 3016 anni
1695 2956 1875 3037 parte
1908 2970 2050 3017 eum
2084 2950 2429 3037 profectum
2466 2971 2603 3018 esse
2636 2953 2940 3038 sequitur.

1680 3273 1744 3339 5.

662 3451 863 3512 restat
917 3451 988 3511 ut
1043 3444 1276 3527 elegias
1330 3442 1447 3527 111,
1508 3443 1612 3509 24.
1675 3444 1763 3510 25
1827 3463 1965 3511 eum
2016 3445 2338 3529 prooemio
2386 3444 2556 3511 illius
2599 3444 2747 3513 libri
2796 3452 2941 3533 post

487 3561 731 3648 reliqua
791 3563 925 3629 eius
973 3561 1255 3630 earmina
1299 3567 1468 3629 certe
1517 3565 1660 3646 post
1707 3559 1827 3645 111,
1882 3562 1944 3626 4.
1994 3562 2037 3628 5
2082 3558 2261 3627 fictas
2310 3581 2446 3629 esse
2493 3561 2936 3630 demonstrem.

485 3679 773 3748 uersibus
835 3671 998 3746 enim
1059 3680 1182 3745 9-
1198 3680 1281 3743 14
1326 3677 1692 3764 Propertius
1751 3696 1892 3743 eum
1954 3677 2031 3745 de
2093 3678 2359 3763 pristino
2416 3700 2526 3745 suo
2588 3700 2800 3747 amore
2845 3680 2939 3746 lo-

487 3802 738 3882 quatur,
785 3816 910 3863 non
956 3801 1095 3861 tam*
1136 3794 1367 3861 amoris
1413 3814 1598 3879 quam
1649 3793 1990 3878 elegiarum
2042 3793 2215 3860 illius
2263 3796 2494 3862 amoris
2543 3816 2784 3863 memor
2822 3802 2936 3864 est.

485 3932 630 3979 nam
679 3931 900 3979 uersus
946 3914 1018 3978 9:

1057 4050 1205 4122 quod
1244 4050 1374 4106 mihi
1412 4067 1521 4107 non
1556 4053 1726 4138 patrii·
1754 4056 2009 4124 poterant
2044 4056 2293 4107 auertere
2330 4052 2493 4108 amici

557 4167 629 4224 ad
668 4169 707 4239 1,
736 4169 784 4240 1,
810 4169 895 4222 25.
923 4168 1018 4223 26:
1059 4170 1158 4223 aut
1194 4182 1311 4237 uos,
1349 4168 1443 4238 qui
1480 4183 1602 4223 sero
1640 4168 1851 4239 lapsum
1892 4168 2180 4239 reuocatis,
2218 4168 2395 4238 amici,

1157 4264 1404 4335 quaerite
1442 4282 1550 4321 non
1588 4266 1706 4322 sani
1743 4266 1984 4337 pectoris
2020 4265 2238 4336 auxilia,

556 4397 611 4437 u.
640 4382 733 4436 102
1161 4382 1345 4438 eluere
1381 4386 1481 4439 aut
1513 4387 1674 4439 uasto
1711 4382 1980 4439 Thessala
2016 4398 2153 4453 saga
2188 4383 2325 4438 mari

516 4499 519 4502 ’
555 4496 1016 4569 ad1‚1,19-24:
1056 4497 1135 4554 At
1169 4514 1287 4570 uos,
1327 4498 1598 4557 deductae
1633 4499 1835 4572 quibus
1871 4505 1957 4556 est
1992 4498 2209 4556 fallacia
2244 4501 2408 4555 lunae

1160 4602 1221 4654 et
1253 4589 1408 4654 labor
1442 4599 1497 4654 in
1536 4599 1768 4670 magieis
1803 4614 1961 4655 saera
1994 4598 2148 4670 piare
2183 4597 2338 4668 focis,
