3428 5235
1759 269 1843 333 39

748 443 813 508 in
872 463 944 509 eo
1003 441 1167 526 quod
1227 443 1509 526 sequitur
1562 445 1839 509 carmine
1898 443 1969 527 (Ι,
2030 444 2112 509 71
2162 465 2361 529 usque
2418 445 2499 511 ad
2554 444 2767 527 finem)
2825 446 3026 513 Lach-

570 578 838 635 mannus
885 578 1010 624 non
1058 564 1224 625 recte
1273 565 1418 644 post
1462 580 1565 625 uu.
1603 561 1708 625 82.
1746 563 1850 628 86.
1888 563 1992 626 88.
2043 562 2493 627 sententiarum
2541 559 2783 648 {nexum
2830 565 3027 631 inter-

568 681 822 758 ruptum
872 695 1009 741 esse
1056 677 1317 742 censuit.
1415 681 1745 761 postquam
1797 676 1961 742 enim
2014 683 2189 743 uates
2236 677 2343 743 ille
2373 698 2479 743 uu.
2519 680 2780 746 75-82
2814 700 2882 753 se
2913 700 3027 745 no-

569 791 798 858 bilibus
845 792 1100 877 proauis
1135 792 1428 875 similem,
1476 792 1662 857 huius
1696 795 2000 877 temporis
2034 794 2366 877 astrologis
2398 794 2726 861 fallacibus
2768 815 3026 881 prorsus

570 907 940 982 dissimilem
992 929 1128 974 esse
1174 909 1356 992 dixit,
1404 910 1529 975 iam
1581 930 1741 993 quae
1788 911 1990 995 possit
2038 918 2383 978 enumerat.
2478 917 2609 977 tam
2659 911 3026 994 magnificas

570 1030 634 1090 et
679 1025 948 1107 grandes
996 1045 1098 1090 res
1145 1025 1321 1090 uelut
1374 1026 1574 1091 Troia
1621 1029 1805 1092 cades
1854 1031 1917 1091 et
1971 1027 2201 1092 Troica
2236 1029 2445 1093 Roma
2488 1051 2778 1115 resurqes
2825 1048 3027 1113 neque

573 1142 780 1207 minus
830 1142 1021 1206 maris
1069 1148 1399 1224 terraeque
1446 1145 1631 1224 longa
1678 1142 1967 1228 sepulcra
2030 1164 2095 1209 se
2143 1163 2367 1210 canere
2415 1144 2626 1210 ualere
2688 1144 3025 1224 (83—88).

568 1277 715 1323 nam
765 1277 844 1324 ne
892 1257 1170 1324 haeseris
1217 1259 1283 1322 in
1330 1258 1466 1324 illo:
2181 1274 2187 1279 ’

1140 1398 1317 1451 dicam
1361 1398 1520 1452 Troia
1559 1400 1707 1452 cades
1746 1405 1801 1452 et
1841 1398 2030 1452 Tro‘iea
2065 1399 2229 1454 Roma
2263 1417 2497 1470 resurqes

750 1527 914 1612 quod
964 1532 1059 1591 est
1105 1526 1306 1590 dicam
1357 1526 1510 1591 talia
1557 1526 1768 1610 qualia
1817 1529 2025 1593 Roma
2071 1531 2254 1593 cades
2303 1535 2367 1594 et
2413 1550 2471 1613 q.
2518 1549 2567 1594 s.
2601 1528 2794 1593 simili
2842 1527 3026 1592 modo

570 1643 1114 1728 interpretandum
1173 1651 1269 1706 est
1315 1642 1392 1725 ΙΙ,
1443 1645 1506 1726 5,
1557 1644 1638 1708 27
1654 1670 1669 1707 ε

995 1782 1230 1837 scribam
1268 1784 1436 1852 igitur
1473 1801 1571 1837 -ε

1103 1880 1338 1949 Cynthia
1375 1880 1550 1936 forma
1585 1886 1800 1950 potens,
1842 1881 2076 1950 Cynthia
2114 1881 2284 1938 uerba
2321 1882 2475 1938 leuis.

567 2007 881 2073 namhoc
938 2027 1062 2073 non
1110 2013 1309 2073 totum
1359 2008 1547 2092 idque
1594 2010 1802 2092 ipsum
1852 2018 1946 2073 est
1994 2010 2155 2093 quod
2204 2008 2572 2096 Propertius
2632 2011 2710 2078 de
2756 2011 3027 2098 Cynthia

569 2124 842 2189 scribere
889 2122 1064 2207 uult,
1122 2124 1231 2189 sed
1294 2125 1447 2190 talia
1507 2126 1789 2190 dicturus
1847 2132 1943 2190 est
2001 2127 2210 2210 qualia
2270 2126 2540 2214 Cynthia
2589 2143 2647 2194 et
2692 2153 2749 2214 q.
2799 2153 2848 2194 s.
2910 2149 3027 2195 nec

571 2242 776 2305 minus
825 2246 972 2326 apte
1017 2241 1337 2306 confertur
1383 2241 1459 2324 ΙΙ,
1511 2243 1616 2323 28,
1666 2243 1783 2306 442

1116 2380 1296 2435 scribo
1333 2380 1440 2449 'eigo
1468 2399 1571 2452 per
1605 2400 1845 2451 maynum
1882 2383 2030 2435 salua
2060 2384 2238 2452 puella
2274 2383 2468 2437 Jouem.

565 2511 791 2576 deinde
860 2529 1050 2574 uersu
1107 2511 1190 2574 89
1262 2515 1438 2575 uates
1500 2509 1576 2574 ad
1648 2510 1770 2574 duo
1843 2510 2189 2594 sapientiae
2249 2511 2614 2578 testimonia
2675 2512 3028 2578 enarranda

566 2628 795 2713 pergit.
897 2648 1011 2693 nec
1066 2648 1319 2693 uersum
1388 2630 1508 2692 117
1568 2626 2009 2692 Lachmannus
2065 2634 2285 2693 notare
2356 2628 2588 2694 debuit.
2707 2651 2850 2694 nam
2898 2651 3042 2715 pro,

567 2760 632 2811 tu
680 2768 927 2832 quoque
972 2745 1106 2809 Aia
1158 2745 1411 2809 Oiliade
1455 2745 1875 2830 naufrayz‘um
1918 2768 2149 2831 passus
2209 2759 2352 2810 tuae
2409 2747 2696 2811 scelestae
2751 2726 3025 2832 rapinae

567 2886 837 2950 poenam
890 2864 1121 2927 dedisti
1165 2862 1401 2945 optime
1457 2866 1645 2944 poeta
1698 2861 1867 2925 illius
1926 2861 2271 2926 infortunio
2322 2861 2593 2927 exultat:
2665 2886 2834 2926 nune
2878 2866 2923 2926 i.
2971 2885 3021 2926 e.

569 3003 708 3044 cum
753 2992 929 3042 nates
976 2981 1106 3042 iam
1152 3001 1314 3063 rape
1361 2983 1567 3041 uictor
1599 2976 2044 3042 Cassandram.
2118 2978 2179 3041 in
2217 2998 2403 3042 uersu
2444 2979 2563 3043 127
2599 2998 2721 3042 non
2757 2976 3028 3042 offendet

570 3095 676 3178 qui
738 3095 929 3158 etiam
988 3094 1154 3179 apud
1198 3092 1562 3159 Ciceronem
1611 3113 1726 3177 per
1773 3092 2148 3177 particulam
2199 3116 2317 3177 que
2358 3092 2438 3157 ad
2481 3113 2741 3178 prorsus
2789 3113 3017 3158 nouam

568 3231 700 3277 rem
752 3211 1009 3276 transiri
1058 3212 1178 3275 scit
1223 3229 1425 3294 neque
1473 3209 1673 3293 solum
1724 3210 1815 3273 ita
1863 3215 1933 3274 ut
1981 3214 2150 3273 totus
2199 3208 2374 3274 locus
2421 3207 2699 3292 finiatur,
2758 3208 3025 3293 denique

573 3349 794 3394 uersus
844 3330 972 3406 Ἴ135
1023 3332 1085 3391 et
1137 3327 1259 3390 147
1294 3324 1757 3390 Heimreichius
1807 3345 1878 3390 eo
1929 3326 2005 3390 ab
2055 3325 2487 3408 obiurgatione
2534 3325 2830 3391 liberauit
2860 3325 3024 3410 quod

569 3464 786 3522 uersus
843 3445 1043 3509 135—
1066 3445 1190 3508 146
1238 3442 1521 3528 Apollini
1571 3443 1762 3507 dedit.

748 3560 1005 3625 secundi
1054 3558 1183 3640 (uel
1228 3560 1437 3643 potius
1486 3554 1684 3639 tertii)
1735 3558 2030 3622 carminis
2079 3557 2549 3642 dispositionem
2601 3565 2663 3623 et
2693 3558 3018 3623 consilium

570 3683 701 3742 tum
752 3676 1001 3740 demum
1051 3674 1485 3757 intellegemus
1535 3674 1587 3738 si
1637 3676 1912 3759 primum
1962 3680 2025 3739 et
2055 3674 2393 3739 secundum
2430 3695 2679 3739 uersum
2716 3680 2881 3739 recte
2913 3695 3023 3740 ex-

571 3793 1002 3879 plicuerimus:

1067 3931 1198 4002 quid
1238 3931 1431 3985 mirare
1469 3945 1618 3984 meas
1657 3935 1742 3984 tot
1779 3930 1833 3983 in
1874 3945 1996 3988 uno,
2020 3944 2246 3999 corpore
2283 3928 2527 3986 formas?

1137 4030 1322 4099 accipe
1360 4029 1648 4082 Vertumni
1687 4028 1846 4097 signa
1885 4033 2114 4097 paterna
2151 4027 2256 4082 dei.

569 4162 612 4227 i.
647 4181 698 4226 e.
745 4159 998 4224 miraris
1059 4159 1306 4240 signum
1372 4178 1574 4223 meum
1635 4178 1670 4222 a
1718 4156 2028 4222 Mamurio
2076 4158 2332 4240 factum,
2391 4156 2455 4219 in
2507 4174 2628 4239 quo
2675 4154 2911 4220 multae
2956 4155 3019 4219 in

570 4297 693 4342 uno
742 4296 1003 4361 corpore
1051 4276 1290 4340 formae
1341 4274 1769 4359 aspiciuntur?
1833 4274 1942 4339 sed
1992 4294 2103 4356 ego
2153 4274 2269 4338 tibi
2317 4271 2585 4338 narrabo
2634 4272 2709 4338 de
2760 4277 3021 4356 paterno

573 4395 749 4477 signo
795 4394 863 4459 in
910 4393 1168 4458 Etruria
1216 4393 1422 4477 patria
1471 4411 1610 4456 mea
1657 4392 1844 4475 facte,
1894 4391 2059 4475 quod
2108 4392 2273 4455 inter
2319 4389 2558 4475 praelia
2605 4389 2875 4475 patriam
2914 4388 3020 4454 de-

571 4512 786 4579 seruit.
866 4530 1010 4583 nam
1057 4509 1412 4575 necessario
1460 4528 1682 4574 uersus
1716 4508 1957 4593 primus
2006 4508 2081 4573 de
2116 4505 2383 4572 Mamuri
2432 4526 2619 4591 opere
2652 4504 3021 4588 intellegen-
