3428 5235
1630 319 1717 385 23

443 519 522 565 ne
565 496 706 583 quis
753 493 913 562 illud
959 519 1133 562 eram
1178 494 1433 563 difficile
1480 495 1557 563 ad
1606 501 1976 564 temerarius
2010 499 2212 565 audiri
2245 499 2432 565 dicat.
2504 500 2700 568 multo
2734 505 2902 568 certe

445 614 746 683 audacius
793 611 952 678 illud
1002 612 1509 698 exemplumfest
1555 613 1722 698 quod
1766 614 1999 698 legitur
2046 614 2153 699 ΙΙΙ,
2203 619 2263 699 7,
2310 618 2397 683 49
2432 638 2553 702 sq.:

941 768 1053 809 non
1088 753 1213 808 tulit
1247 752 1336 808 hic
1372 754 1574 809 Paetus
1610 753 1899 810 stridorem
1938 754 2128 811 audire
2164 757 2454 827 procellae,

947 949 1044 1006 sed
1084 949 1219 1006 Chio
1244 949 1484 1005 thalamo
1523 955 1620 1006 aut
1645 949 1825 1005 Oricia
1863 951 2171 1007 terebintho

1051 1051 1108 1103 et
1143 1046 1338 1104 fultum
1378 1048 1564 1119 pluma
1601 1049 1931 1105 uersicolore
1969 1055 2151 1120 caput.

443 1178 611 1275 hau-d
658 1196 859 1265 pauca
906 1182 1233 1272 praeterea
1280 1175 1510 1243 adsunt
1555 1197 1679 1243 non
1729 1177 1937 1245 minus
1984 1178 2144 1245 dura
2190 1178 2365 1246 uelut
2410 1178 2489 1264 ll,
2537 1181 2601 1264 9,
2648 1182 2766 1246 43:

942 1315 998 1365 te
1036 1309 1167 1364 nihil
1204 1309 1257 1363 in
1297 1309 1414 1364 uita
1450 1308 1609 1364 nobis
1648 1310 1930 1379 acceptius
1968 1326 2262 1381 umquam:

1049 1422 1195 1463 nunc
1232 1422 1450 1477 quoque
1488 1407 1612 1478 eris,
1648 1409 1902 1478 quamuis
1941 1409 2016 1464 sis
2054 1409 2273 1464 inimica
2312 1408 2454 1464 mihi.

539 1528 609 1598 ΙΙ,
648 1527 735 1596 20,
772 1526 858 1580 26.
933 1523 1193 1594 quicquid
1229 1538 1397 1593 eram,
1435 1522 1540 1578 hoc
1577 1524 1746 1579 animi
1782 1524 1962 1593 gratia
1999 1541 2200 1594 magna
2237 1524 2334 1580 tui.

517 1643 615 1714 111,
656 1642 740 1713 15,
778 1641 866 1696 35.
942 1655 1067 1696 sera
1102 1644 1288 1694 tamen
1324 1639 1520 1709 pietas.

515 1759 611 1830 111,
651 1759 735 1846 Iti,
777 1759 824 1814 1.
931 1771 1043 1811 nox
1080 1755 1260 1810 media
1298 1759 1353 1810 et
1398 1755 1652 1811 dominae
1692 1755 1823 1810 mibi
1862 1757 2013 1811 uenit
2050 1757 2282 1827 epistola
2323 1761 2560 1813 nostrae.

516 1877 613 1947 IV,
648 1878 699 1931 8.
739 1876 824 1930 37.
934 1873 1253 1943 Lygdamus
1291 1872 1360 1926 ad
1400 1872 1646 1941 cyathos,
1685 1873 1922 1943 uitrique
1961 1874 2173 1929 aestiua
2210 1875 2475 1945 supellex,

1049 1977 1106 2025 et
1142 1969 1509 2039 Methymnaei
1548 1970 1764 2026 Graeca
1801 1972 1977 2026 saliua
2011 1973 2163 2027 meri.

946 2067 1155 2124 Nilotes
1192 2067 1397 2123 tibicen
1435 2073 1567 2138 erat,
1607 2070 1934 2125 crotalistria
1970 2069 2192 2139 Phyllis,

1052 2169 1109 2220 et
1145 2164 1321 2221 facilis
1360 2166 1546 2236 spargi
1586 2166 1791 2222 munda
1827 2168 1945 2223 sine
1984 2172 2102 2223 arte
2139 2183 2281 2224 rosa.

624 2324 829 2389 neque
875 2304 1077 2387 magis
1126 2308 1271 2389 post
1317 2324 1569 2370 uersum
1604 2306 1668 2389 9,
1707 2306 1795 2369 48
1830 2304 2168 2389 quidquam
2203 2304 2399 2371 deest.
2464 2324 2610 2370 nam
2642 2303 2908 2370 41—46

445 2425 635 2507 poeta
681 2420 838 2486 dicit
884 2439 952 2485 se
997 2440 1340 2504 numquam
1395 2420 1584 2486 aliam
1635 2427 1990 2486 amaturum
2043 2441 2202 2505 esse,
2252 2425 2381 2487 tum
2418 2419 2727 2506 Cynthiae
2767 2439 2910 2504 per-

444 2537 632 2603 fidiae
689 2536 1097 2602 reminiscens
1156 2557 1281 2602 non
1340 2534 1845 2629 Cynthiamsed
1906 2536 2172 2603 riualem
2233 2537 2600 2603 detestatur.
2708 2552 2910 2620 neque

449 2654 652 2721 solum
700 2652 857 2719 adeo
906 2673 1061 2720 eum·
1098 2653 1262 2736 odit,
1321 2659 1391 2719 ut
1438 2674 1577 2721 eum
1628 2653 1904 2740 lapidem
1954 2653 2092 2721 fieri
2140 2656 2384 2741 cupiat,
2444 2655 2551 2720 sed
2600 2653 2789 2719 etiam
2839 2656 2910 2717 ut

445 2773 587 2857 ipse
646 2789 825 2835 suam
874 2770 1071 2835 uitam
1120 2769 1544 2856 despondeat,
1605 2772 1944 2838 dummodo
1992 2771 2244 2838 odiosus
2290 2772 2410 2839 iste
2458 2770 2643 2836 simul
2676 2768 2907 2835 Orcum

448 2888 633 2954 uisat.
700 2885 937 2971 optime
985 2892 1192 2953 autem
1245 2893 1432 2973 poeta
1481 2887 1738 2955 ultimos
1786 2910 2006 2955 uersus
2051 2890 2367 2971 annexuit,
2415 2908 2552 2954 cum
2586 2887 2905 2952 notionem

448 3005 931 3086 coniungentem
983 3006 1055 3070 ob
1102 3028 1302 3091 reqna
1333 3006 1397 3070 in
1432 3005 1638 3090 capite
1671 3005 1855 3070 huius
1897 3006 2205 3071 enuntiati
2239 3009 2517 3090 poneret.
2582 3001 2746 3086 quod
2779 3002 2903 3066 iam

448 3118 789 3204 Vahlenus‚
839 3139 979 3186 cum
1031 3126 1317 3204 quartam
1368 3119 1683 3205 Propertii
1735 3120 2079 3206 Hauptiani
2130 3121 2467 3186 editionem
2517 3122 2785 3202 curaret,
2833 3136 2906 3184 eo

448 3235 850 3320 significauit,
901 3241 969 3303 ut
1016 3236 1295 3305 defectus
1344 3238 1591 3320 signum
1640 3237 1907 3304 tolleret.

624 3359 761 3419 tum
824 3353 1067 3420 decima
1127 3354 1329 3437 elegia
1387 3359 1517 3420 tam
1566 3355 1724 3422 bene
1770 3354 1998 3439 incipit
2043 3357 2154 3420 aed
2197 3367 2438 3440 tempus
2487 3370 2674 3435 quam
2722 3349 2773 3432 l,
2825 3351 2904 3415 17

448 3484 506 3537 et
534 3474 777 3537 merito.
835 3471 993 3538 adde
1028 3472 1217 3537 etiam
1254 3471 1408 3537 illud
1441 3484 1648 3538 tamen
1681 3469 1797 3536 Ou.
1826 3470 2081 3536 Heroid.
2117 3469 2226 3553 XI,
2265 3474 2320 3536 1.
2379 3474 2441 3535 et
2471 3482 2539 3536 at
2567 3468 2649 3534 ib.
2677 3465 2816 3549 XII,
2848 3470 2903 3532 1.

446 3588 781 3654 undecima
835 3587 1126 3671 quamuis
1182 3606 1384 3672 parua
1441 3587 1531 3652 ita
1577 3592 1788 3653 tamen
1845 3593 2211 3673 comparata
2269 3590 2366 3652 est
2419 3591 2491 3651 ut
2539 3583 2693 3649 nihil
2741 3581 2906 3648 desi-

448 3702 721 3769 deretur.
789 3722 935 3785 ergo
985 3722 1062 3769 ne
1109 3723 1233 3769 uno
1282 3702 1534 3788 quidem
1584 3703 1720 3769 loco
1769 3703 2005 3788 aliquid
2052 3703 2446 3770 intercidisse
2489 3699 2906 3769 demonstrari

450 3821 677 3903 potest.

1638 4088 1700 4153 3.

627 4237 835 4306 Minus
900 4238 1089 4304 etiam
1148 4236 1538 4305 Lachmanni
1601 4237 2087 4325 explicationem
2156 4236 2494 4305 clarissimi
2558 4235 2729 4303 illius
2782 4233 2904 4302 loci

448 4357 528 4444 ΙΙ,
581 4361 684 4442 13,
733 4358 818 4424 25
866 4354 1092 4442 probo:

946 4501 1033 4553 sat
1069 4511 1193 4551 mea
1234 4500 1322 4551 sat
1358 4511 1559 4566 magna
1596 4500 1697 4566 est,
1738 4494 1786 4550 si
1822 4499 1936 4550 tres
1974 4496 2082 4551 sint
2119 4509 2322 4565 pompa
2356 4494 2525 4550 libelli

1051 4609 1190 4664 quos
1226 4609 1332 4665 ego
1366 4594 1751 4665 Persephonae
1789 4594 2026 4649 maxima
2063 4592 2209 4649 dona
2240 4590 2428 4649 feram.
