3428 5235
1602 319 1683 383 13

398 499 498 563 uis
566 498 772 583 pudor
823 478 1104 562 Helenae
1192 495 1278 576 (u.
1340 498 1450 576 20)
1522 496 1720 562 multo
1792 497 2017 563 melius
2085 503 2278 566 nudis
2336 505 2607 590 papillis
2680 526 2866 590 quam

383 617 616 699 fluidis
675 615 930 700 capillis
977 613 1368 696 conueniret,
1429 619 1751 699 postremo
1799 620 1870 680 ut
1917 617 2228 682 sententia
2276 627 2561 693 oreretur
2608 641 2866 706 prorsus

402 726 641 817 inepta.
734 750 879 795 nam
955 730 1051 794 his
1121 729 1495 795 coniecturis
1568 730 1849 815 probatis
1919 737 2136 816 poeta,
2206 753 2345 799 cum
2406 735 2471 800 id
2531 744 2746 820 ageret
2800 744 2872 805 ut

405 846 1231 931 uirginumsspartanarum
1291 846 1588 911 uirtutem
1639 847 2056 933 describeret,
2118 852 2326 916 nescio
2374 871 2486 917 cur
2532 853 2740 919 subito
2789 854 2869 920 ad

408 962 735 1029 Castorum
783 961 1001 1028 laudes
1051 962 1370 1027 transiret.
1465 967 1684 1027 contra
1731 964 1962 1029 tradito
2011 965 2229 1031 ordine
2276 944 2576 1034 uersuum
2624 976 2869 1037 retento

407 1080 760 1146 rectissime
792 1058 1064 1144 feminae
1099 1081 1190 1143 sic
1221 1098 1449 1164 corpus
1483 1079 1839 1144 exercuisse
1871 1081 2167 1146 dicuntur
2192 1093 2263 1146 ut
2287 1084 2511 1150 Castor
2537 1092 2601 1151 et
2622 1084 2868 1152 Pollux.

409 1197 464 1261 si
521 1202 732 1261 autem
789 1194 947 1260 nihil
1011 1194 1547 1279 transponendum
1606 1201 1729 1277 est,
1794 1193 1950 1260 illud
1988 1200 2220 1282 fluidis
2265 1199 2394 1263 iam
2442 1200 2566 1266 dici
2615 1203 2869 1268 omnino

412 1331 538 1377 non
588 1312 826 1397 potuit,
889 1317 960 1375 ut
1005 1311 1258 1396 capillis
1307 1309 1629 1394 archetypi
1677 1308 1729 1374 Ο
1778 1330 1988 1377 errore
2036 1320 2243 1379 ortum
2294 1335 2429 1380 esse
2477 1337 2554 1382 ex
2593 1320 2870 1404 papillis

410 1434 795 1513 sequeretur.
888 1431 1089 1493 restat
1153 1431 1226 1491 ut
1289 1426 1592 1491 librorum
1663 1426 1780 1491 DV
1842 1442 2121 1512 armata,
2190 1449 2304 1514 pro
2378 1452 2500 1523 quo
2560 1435 2756 1500 codex
2820 1433 2870 1500 F

407 1544 957 1631 interpolationem
1010 1550 1073 1609 et
1122 1549 1321 1607 metro
1371 1548 1435 1608 et
1479 1544 1942 1610 constructione
1992 1552 2162 1611 recta
2209 1566 2450 1612 cassam
2501 1549 2754 1616 exhibet
2785 1565 2874 1617 est

413 1676 662 1728 armata
671 1711 692 1744 ,
753 1681 789 1726 a
843 1660 1227 1744 nequissimo
1275 1658 1591 1744 Propertii
1649 1660 2024 1742 castigatore
2080 1663 2425 1748 profectum
2477 1685 2612 1731 esse
2658 1673 2871 1732 notem

410 1780 538 1863 qui,
586 1798 725 1844 cum
790 1781 1024 1863 cepisse
1082 1780 1516 1862 exspectaret,
1572 1777 1967 1843 coniecturae
2025 1798 2280 1863 operam
2338 1780 2527 1846 dedit.
2624 1781 2748 1849 Sed
2796 1784 2872 1850 de

412 1896 528 1961 hac
580 1915 650 1960 re
705 1893 1062 1980 exponendi
1122 1913 1279 1958 onus
1338 1893 1462 1957 iam
1525 1891 1847 1959 Bentleius
1902 1893 2054 1959 Hor.
2117 1896 2213 1961 od.
2264 1895 2322 1979 I,
2397 1898 2508 1980 16,
2579 1900 2657 1962 14
2715 1899 2869 1963 mihi

415 2011 709 2096 dempsit,
756 2010 933 2076 cuius
981 2009 1286 2095 exemplis
1336 2009 1494 2074 adde
1543 2008 1727 2074 Ouid.
1761 2009 2017 2076 Heroid.
2065 2010 2187 2076 XX
2235 2011 2461 2096 (XIX),
2520 2016 2634 2080 11:

802 2150 810 2164 '
911 2151 1156 2205 inuenies
1192 2151 1301 2205 illic
1336 2150 1393 2204 id
1429 2155 1486 2204 te
1524 2149 1812 2220 spondere,
1852 2150 1999 2219 quod
2036 2156 2167 2221 opto

1015 2252 1072 2302 te
1108 2249 1308 2318 potius,
1346 2249 1523 2318 uirgo,
1561 2263 1726 2317 quam
1765 2249 2078 2304 meminisse
2117 2249 2298 2305 deam.

415 2384 478 2444 et
522 2377 750 2444 Catull.
786 2376 1008 2461 LXIV,
1063 2379 1187 2443 124
1219 2397 1387 2462 sqq.:

911 2531 1078 2587 saepe
1116 2517 1262 2572 illam
1300 2516 1590 2588 perhibent
1626 2517 1843 2571 ardenti
1882 2517 2047 2572 corde
2086 2516 2356 2573 furentem

912 2616 1212 2672 clarisonas
1250 2616 1361 2671 imo
1400 2614 1608 2671 fudisse
1646 2631 1677 2671 e
1714 2620 1936 2686 pectore
1974 2632 2140 2672 uoces

493 2714 621 2769 126:
919 2732 984 2771 ac
1021 2721 1138 2771 tum
1175 2720 1499 2785 praeruptos
1539 2716 1753 2770 tristem
1795 2716 2166 2771 conscendere
2203 2721 2420 2772 montes

490 2813 617 2868 128:
913 2818 1031 2869 tum
1069 2814 1289 2868 tremuli
1327 2814 1457 2868 salis
1495 2814 1760 2869 aduersas
1797 2829 2113 2883 procurrere
2151 2814 2207 2868 in
2243 2814 2419 2869 undas

490 2910 622 2965 130:
915 2916 1082 2982 atque
1119 2913 1256 2967 haec
1293 2913 1553 2968 extremis
1589 2916 1857 2968 maestam
1896 2913 2102 2967 dixisse
2139 2905 2411 2982 querellis.

489 3065 588 3135 IV,
625 3065 675 3135 1,
712 3066 800 3121 28.
908 3079 1012 3119 nec
1048 3065 1200 3119 rudis
1236 3064 1451 3120 infestis
1487 3065 1643 3119 miles
1680 3063 1932 3119 radiabat
1968 3065 2023 3118 in
2060 3063 2253 3119 armis:

1024 3162 1330 3219 miscebant
1367 3169 1493 3219 usta
1528 3163 1735 3233 praelia
1771 3162 1919 3217 nuda
1954 3162 2109 3218 sude.

423 3298 709 3378 potestne
764 3292 1001 3377 aliquid
1064 3292 1449 3378 praeclarius
1508 3297 1572 3358 et
1629 3292 1883 3358 breuius
1940 3290 2106 3356 dici?
2174 3289 2417 3358 duabus
2472 3291 2636 3356 enim
2684 3292 2873 3358 rebus

423 3428 533 3475 cur
599 3414 734 3476 tum
805 3409 987 3476 miles
1058 3430 1182 3476 non
1253 3409 1600 3475 radiauerit
1659 3408 2070 3491 significatur.
2172 3408 2447 3492 primum
2506 3409 2672 3475 enim
2732 3415 2874 3475 usta

421 3524 574 3592 sude
609 3527 972 3612 pugnabant
1005 3528 1049 3593 i.
1077 3547 1131 3593 e.
1159 3528 1293 3592 sine
1323 3525 1805 3592 fulminantibus
1838 3524 2087 3608 gladiiS,
2118 3524 2254 3589 sine
2286 3524 2545 3609 cuspide
2578 3526 2873 3608 micante,

420 3621 531 3708 sed
577 3623 720 3709 usta
750 3645 792 3710 i.
828 3664 880 3710 e.
929 3645 1075 3727 igne
1121 3644 1346 3709 durata
1393 3643 1568 3727 sude,
1616 3642 1841 3708 deinde
1890 3640 2129 3727 praelia
2159 3642 2330 3706 nuda
2362 3642 2709 3708 miscebant
2737 3642 2780 3706 i.
2817 3661 2873 3708 e.

421 3761 559 3826 sine
617 3741 821 3826 ferrea
875 3760 1092 3827 lorica.
1196 3762 1335 3846 quis
1391 3781 1542 3826 uero
1608 3759 1714 3844 qui
1745 3758 1952 3825 'nouit
2007 3757 2405 3843 Propertium
2464 3778 2586 3824 non
2644 3759 2877 3824 sentiat

426 3898 505 3944 ex
571 3878 772 3965 ipsius
834 3884 1060 3966 poetae
1126 3879 1378 3962 ingenio
1449 3878 1630 3962 quasi
1688 3875 2007 3942 effluxisse
2069 3876 2329 3962 praelia
2392 3874 2603 3940 nuda?
2687 3894 2873 3958 quam

420 3992 755 4061 lectionem
820 3996 876 4061 si
922 3996 1303 4062 conferimus
1351 4014 1489 4060 cum
1542 3993 1867 4077 archetypi
1916 3990 1968 4057 Ο
2008 3993 2266 4078 praelia
2291 3993 2485 4076 facta
2530 3994 2683 4057 sude
2727 4010 2875 4076 pos-

422 4132 719 4193 sumusne
781 4112 897 4178 hoc
952 4133 1079 4178 non
1125 4116 1350 4198 putare
1397 4109 1892 4195 interpolatum?
1947 4114 2116 4175 certe
2164 4108 2218 4173 si
2261 4110 2438 4173 nuda
2484 4128 2610 4172 non
2657 4106 2875 4189 genui-

420 4248 568 4295 num
629 4234 726 4296 est
780 4249 1124 4314 numquam
1181 4228 1527 4311 elegantior
1581 4227 1827 4293 exstitit
1880 4230 2213 4292 corrector.
2306 4245 2510 4309 neque
2557 4223 2751 4307 igitur
2795 4243 2875 4289 ex

420 4345 529 4413 illo
565 4349 761 4434 facta
807 4345 1047 4433 aliquid
1094 4346 1233 4413 elici
1282 4346 1526 4430 debuit,
1583 4365 1730 4410 nam
1780 4344 1969 4409 etiam
2002 4344 2163 4427 ficta
2208 4361 2360 4428 prae
2405 4343 2583 4406 nuda
2619 4339 2877 4422 languet

421 4464 778 4550 sordetque.
