3428 5235
1773 338 1862 405 20

583 519 761 584 illius
841 518 1052 583 a'mo‘r'i
1072 520 1080 527 '
1123 515 1471 582 seruiebat?
1553 515 1739 581 cuius'
1810 514 2204 581 coniecturae
2284 511 2645 579 efficiendae
2702 522 2906 581 'causa
2973 515 3041 581 id

485 694 488 699 .
586 634 861 716 mutaui,
937 632 1099 718 quod
1158 632 1281 719 ipsi
1338 631 1484 699 libri
1544 652 1668 697 non
1733 631 2194 697 consentientes
2253 629 2668 696 tradiderunt.
2741 629 2849 696 s'ed
2897 632 3036 697 'iam

587 750 772 827 audio
833 754 993 836 quae
1049 749 1233 815 m'ihi'
1262 749 1723 835 exprobrentur
1782 754 1845 815 et
1891 748 2258 814 obiciantur.
2321 752 2506 814 erunt
2549 748 2739 831 enim,
2789 746 2898 832 qui
2943 747 3038 814 in-

585 872 959 951 terrogentz'
990 871 1133 955 quis
1164 869 1281 934 hoc
1310 869 1688 953 auqu‘rando
1713 869 1933 953 potius
1968 889 2162 952 quam
2193 867 2528 952 coyitando
2560 868 2816 951 assequi
2831 869 3044 954 potest

586 987 907 1073 deceptum
951 999 1295 1051 amatorem
1339 1007 1526 1050 uersu
1559 991 1642 1049 48
1695 986 1877 1071 loqui
1887 985 1914 1047 2
1961 985 2271 1069 quomodo
2303 984 2459 1067 fieri
2497 987 2726 1069 potuit,
2775 997 2845 1050 ut
2874 986 3035 1051 Pro-

581 1101 835 1190 pertius
869 1105 1075 1189 ipsius
1122 1101 1428 1167 amatoris
1473 1101 1668 1166 uerba
1711 1101 1992 1186 incipere
2018 1115 2166 1166 'non
2212 1103 2572 1166 accuratius
2600 1102 3030 1186 'eiqnffioaretss

585 1218 742 1284 nam*
794 1218 909 1284 hoc
962 1237 1257 1284 concesso
1319 1217 1382 1282 id
1437 1237 1562 1282 non
1617 1237 1842 1283 uereor
1897 1236 1975 1283 ne
2037 1216 2174 1300 quis
2228 1236 2443 1282 uocem
2492 1217 2600 1281 ille
2647 1215 2724 1282 ad
2774 1216 3040 1283 riualem'

585 1336 831 1401 referri»
878 1356 1062 1421 posse
1122 1343 1308 1416 neget
1362 1333 1515 1413 (Cfr.
1559 1333 1644 1416 ΙΙ,
1704 1336 1777 1417 9,
1833 1335 1864 1397 1
1927 1337 1990 1398 et
2044 1330 2178 1415 48).
2273 1332 2381 1397 sed
2440 1352 2516 1397 ne
2573 1331 2725 1397 illud
2786 1333 3038 1417 quidem

586 1452 805 1518 obesse
873 1451 1026 1517 mihi
1094 1449 1365 1517 uidetur.
1446 1449 1937 1517 commonefacio
2008 1450 2172 1515 enim
2243 1450 2414 1514 uiros
2470 1448 2683 1518 doctos
2740 1451 3038 1516 carminis

587 1565 674 1652 11,
723 1570 841 1651 30,
899 1567 1064 1652 quod
1119 1572 1332 1633 utrum
1396 1572 1594 1631 totum
1644 1565 2015 1651 Propertius
2070 1571 2254 1631 canat
2310 1585 2389 1630 an
2447 1565 2719 1651 primum
2768 1565 3041 1650 Cynthia

586 1684 875 1749 ultimum
929 1687 1117 1768 poeta
1163 1683 1349 1748 etiam
1399 1681 1582 1747 hodie
1629 1682 1973 1747 dubitatur.
2044 1701 2247 1765 neque
2293 1680 2559 1747 similem
2593 1683 2868 1749 ineuntis
2900 1703 3039 1749 car-

587 1801 776 1866 minis
825 1799 902 1884 11,
952 1800 1040 1865 24
1084 1800 1389 1895 rationem
1441 1819 1578 1865 esse
1626 1799 1728 1864 hic
1774 1797 2253 1864 ommittendum
2305 1803 2419 1865 est.

1698 2366 1920 2441 III.

1787 2561 1842 2624 1.

768 2699 1209 2764 Lachmannus
1264 2703 1599 2784 postquam
1660 2720 1740 2765 ex
1799 2700 1982 2766 Ouid.
2027 2701 2191 2767 trist.
2236 2700 2328 2783 ΙΙ,
2384 2702 2534 2767 465.
2599 2703 2659 2766 6.
2739 2700 3040 2768 nonnulla

561 2802 880 2883 carmina·
904 2815 1219 2900 Propertii
1270 2821 1536 2881 aetatem
1588 2835 1711 2879 non
1761 2815 1981 2882 tulisse
2026 2823 2195 2882 recte
2242 2816 2513 2900 collegit,
2561 2837 2698 2883 eum
2733 2817 2799 2882 in
2832 2818 3041 2903 priore

590 2933 736 2999 libri
791 2932 846 2997 II
906 2938 1085 3017 parte
1155 2931 1470 2998 interdum
1544 2933 1995 2999 sententiarum
2055 2932 2227 2999 filum
2285 2934 2707 3021 interruptum
2765 2938 3039 3020 putaret,

591 3052 694 3116 hic
754 3049 921 3115 foliis
978 3049 1301 3134 archetypi
1366 3049 1615 3124 amissis
1663 3049 1892 3115 uulnus
1939 3049 2094 3115 illud
2143 3056 2365 3137 poetae
2413 3052 2610 3118 nostri
2658 3051 3041 3117 carminibus

587 3165 891 3232 inflictum
962 3186 1100 3232 esse
1158 3166 1417 3230 censuit.
1513 3166 1740 3232 deinde
1798 3168 2024 3232 mirum
2083 3167 2261 3233 illum
2319 3167 2465 3235 libri
2522 3169 2778 3236 secun'di
2834 3158 3055 3234 locum'

589 3282 691 3367 (ΙΙ,
743 3285 842 3366 13,
895 3284 1035 3365 25):

1015 3426 1103 3477 sat
1137 3436 1263 3477 mea
1298 3425 1387 3477 sat
1421 3437 1623 3491 magna
1660 3424 1762 3490 est,
1802 3421 1850 3476 si
1887 3426 1999 3476 tres
2037 3422 2146 3476 sint
2181 3437 2385 3491 pompa
2421 3420 2604 3491 libelli,

1069 3553 1075 3559 -
1120 3535 1257 3589 quos
1294 3535 1399 3590 ego
1437 3520 1820 3591 Persephonae
1857 3520 2098 3575 maxima
2134 3520 2279 3575 dona
2314 3518 2505 3591 feram,

591 3648 712 3713 nisi
788 3647 1123 3732 aliquando
1194 3648 1379 3713 tertio
1445 3648 1622 3719 libro,
1674 3648 1871 3714 lectus
1943 3654 2109 3715 esset
2174 3649 2455 3732 intellegi
2517 3668 2703 3734 posse
2763 3651 3037 3733 negauit.

588 3766 802 3848 itaque
863 3784 1002 3830 cum
1062 3766 1287 3843 ceteris
1333 3764 1502 3830 foliis
1550 3766 1613 3831 id
1663 3785 1911 3850 quoque
1959 3767 2258 3832 amissum
2310 3787 2447 3832 esse
2486 3767 2757 3852 putauit,
2806 3768 2870 3833 in
2920 3787 3040 3852 quo

588 3880 915 3966 inscript-io
972 3880 1144 3946 tertii
1207 3880 1352 3946 libri
1416 3882 1655 3968 scripta
1710 3881 1953 3948 fuisset.
2041 3881 2214 3960 Quae
2259 3884 2620 3950 coniectura
2664 3891 2736 3951 ut
2779 3905 3040 3971 prorsus

587 4001 759 4062 certa
822 4019 895 4064 eo
967 3997 1382 4063 demonstrari
1462 3998 1797 4065 uidebatur
1857 3999 2023 4084 quod
2078 4020 2330 4066 carmen
2391 3999 2480 4084 ΙΙ,
2552 4002 2634 4067 10
2689 4001 2837 4067 noui
2892 3999 3041 4089 libri

587 4110 872 4194 Augusto
923 4112 1194 4179 dedicati
1242 4115 1635 4199 prooemium
1684 4121 1872 4182 esset.

767 4235 991 4295 contra
1048 4229 1207 4295 hanc
1259 4233 1640 4299 ‘sententiam
1701 4233 1990 4299 omnibus
2047 4228 2519 4316 sagacissimam
2577 4235 2777 4299 uisam
2824 4233 3042 4300 Heim-

585 4343 856 4411 reichius
912 4346 1004 4410 ita
1061 4348 1402 4432 pugnauit,
1475 4356 1568 4414 ut·
1599 4348 1789 4415 Nonii
1847 4350 2276 4416 testimonium
2336 4351 2737 4436 protraheret
2790 4351 2897 4436 qui
2955 4351 3043 4417 III

588 4460 697 4543 (lv
728 4460 829 4544 L.)
892 4463 1002 4546 21,
1044 4464 1134 4528 44
1189 4464 1500 4531 extortio
1547 4464 1708 4531 libro
1767 4463 2037 4533 afferret.
2114 4466 2227 4533 sed
2274 4467 2391 4533 hoc
2437 4466 2637 4532 solum
2685 4467 2775 4532 nil
2823 4472 3043 4534 contra

586 4575 1083 4645 Lachmannum·
1124 4579 1559 4648 demonstrare
1606 4587 1890 4668 apparet.
1978 4581 2430 4666 Hertzbergius
2500 4588 2721 4649 contra
2787 4599 3044 4650 carmen
