3428 5235
1752 1218 1844 1295 Ι.

1761 1444 1819 1507 1.

686 1565 1135 1687 Quaestiones
1168 1602 1613 1689 Propertianas
1658 1602 2017 1671 instituenti
2066 1600 2222 1666 mihi
2255 1621 2634 1685 quamquam
2682 1601 3024 1696 permulta,

560 1721 748 1807 plura
779 1726 947 1786 certe
981 1740 1167 1804 quam
1203 1719 1456 1803 quidam
1492 1720 1598 1802 pia
1624 1718 2272 1803 praeclarissimorum
2300 1718 2581 1782 uirorum
2609 1718 3026 1782 admiratione

560 1836 807 1922 abrepti
862 1841 1276 1920 putauerunt,
1345 1836 1536 1902 etiam
1593 1842 1739 1920 post
1799 1834 2272 1900 Lachmannum
2308 1841 2394 1900 fet
2451 1834 2744 1899 Iacobum
2808 1834 3024 1917 dispu-

558 1954 827 2019 tationes
872 1952 1158 2034 flagitare
1206 1952 1583 2017 uidebantur
1623 1953 2151 2034 accuratissimas,
2184 1958 2397 2016 tamen
2431 1951 2692 2016 dubium
2727 1970 2864 2015 esse
2896 1970 3021 2015 non

560 2071 767 2158 potuit
820 2090 858 2134 a
914 2089 1037 2152 qua
1104 2067 1501 2153 potissimum
1560 2085 1750 2132 causa
1803 2067 2132 2132 exordium
2189 2066 2567 2152 capiendum
2627 2065 2781 2130 mihi
2840 2072 3025 2132 esset.

559 2187 977 2255 Baehrensius
1034 2185 1199 2249 enim
1258 2185 1618 2270 nuperrime
1678 2181 1883 2265 (Sexti
1941 2182 2255 2269 Propertii
2313 2183 2655 2265 elegiarum
2712 2182 2856 2247 libri
2920 2181 3023 2247 IV.

547 2304 874 2371 recensuit
913 2302 1221 2367 Aemilius
1261 2301 1704 2367 Baehrensius.
1777 2300 2033 2387 Lipsiae
2070 2297 2270 2385 1880)
2318 2301 2626 2382 omnium,
2675 2319 2837 2384 quae
2883 2303 3030 2385 post

560 2403 948 2487 Lachmanni
1005 2418 1347 2483 editionem
1408 2415 1804 2501 Lipsiensem
1861 2417 1938 2482 de
1994 2422 2173 2482 textu
2230 2415 2526 2501 operibus
2584 2416 2718 2481 uita
2772 2415 3024 2499 ingenio

558 2536 874 2622 Propertii
906 2535 1192 2620 quaesita
1223 2538 1453 2615 essent,
1486 2533 1965 2598 fundamentum
2003 2538 2288 2598 euertere
2313 2532 2578 2615 studuit,
2611 2552 2753 2597 cum
2779 2532 3029 2616 codices

559 2636 937 2719 Vossianum
986 2651 1255 2717 latinum
1305 2672 1366 2715 n.
1403 2652 1487 2716 38
1522 2649 1632 2731 (A)
1667 2649 2162 2716 Laurentianum
2203 2652 2402 2733 36,49
2436 2649 2536 2730 (F)
2572 2649 3026 2716 Ottoboniano-

559 2770 930 2835 Vaticanum
985 2768 1156 2834 1514
1185 2765 1293 2852 (V)
1326 2767 1851 2833 Dauentriensem
1894 2768 2062 2833 1792
2096 2767 2204 2848 (D)
2240 2769 2518 2850 integros
2552 2772 2773 2850 testeS,
2821 2767 3026 2833 Lach-

568 2888 940 2951 mannianos
971 2885 1236 2967 codiceS‚
1286 2883 1761 2966 Groninganum
1796 2890 1859 2949 et
1889 2883 2398 2969 Neapolitanum,
2431 2884 3022 2968 interpolationibus

570 3004 647 3070 ab
693 3002 941 3068 illorum
990 3001 1295 3067 librorum
1343 3001 1801 3066 correctoribus
1848 3002 2146 3085 profectis
2180 3002 2457 3085 pessime
2490 3000 2852 3084 inquinatos
2887 3021 3024 3068 esse

568 3119 1004 3201 contenderet,
1068 3123 1141 3181 ut
1202 3137 1380 3182 suam
1437 3116 1774 3182 editionem
1833 3118 2112 3181 omnium
2174 3117 2450 3201 primam
2513 3137 2740 3201 purum
2802 3124 3022 3203 putum

570 3234 966 3321 Propertium
1015 3234 1318 3319 praebere
1365 3233 1803 3299 arbitraretur.

751 3399 788 3444 a
834 3398 957 3462 qua
1003 3377 1315 3443 sententia
1360 3382 1605 3442 tantum
1654 3397 1799 3442 mea
1847 3376 2047 3458 abest,

1002 3534 1311 3608 quantum
1356 3504 1661 3609 Hypanis
1722 3522 1945 3614 Veneto
1993 3522 2259 3586 dissidet
2302 3520 2616 3585 Em‘dano.

568 3686 714 3732 nam
765 3665 1047 3750 exceptis
1093 3665 1174 3730 iis
1220 3648 1596 3730 lectionibus
1645 3684 1802 3748 quas
1848 3665 1974 3730 iam
2008 3661 2452 3728 Lachmannus
2499 3668 2607 3727 aut
2637 3683 2717 3728 ex
2752 3664 3026 3731 editione

549 3781 868 3864 xRegiensi
895 3789 1026 3857 >aut
1070 3801 1150 3847 ex
1183 3779 1394 3846 Puccii
1442 3780 1983 3846 emendationibus
2029 3782 2289 3864 recepit,
2337 3779 2678 3864 paucisque
2718 3780 2793 3845 ad
2824 3801 3025 3862 genus

573 3898 1123 3995 orthographicum
1172 3897 1657 3984 pertinentibuS‚
1704 3897 1974 3980 denique
2019 3897 2100 3962 iis
2148 3916 2302 3980 quas
2337 3915 2374 3960 a
2405 3896 2695 3961 secundis
2735 3897 3025 3964 manibus

569 4016 883 4100 profectas
938 4015 1075 4101 ipse
1134 4015 1339 4080 editor
1394 4015 1501 4080 ille
1554 4015 1916 4098 conjectura
1969 4019 2140 4078 ortas
2196 4033 2332 4078 esse
2381 4013 2659 4098 putauit,
2730 3998 3027 4098 quattuor

567 4137 811 4199 restant
852 4131 974 4197 loci
1023 4131 1248 4215 quibus
1296 4132 1554 4198 dubium
1603 4151 1731 4196 non
1779 4136 1874 4196 est
1920 4131 2070 4214 quin
2096 4128 2305 4196 'uerae
2335 4129 2641 4195 librorum
2676 4131 3026 4216 scripturae

568 4271 606 4316 a
652 4248 1057 4314 Lachmanno
1116 4249 1183 4314 in
1232 4249 1658 4315 recensionem
1710 4248 1856 4313 anni
1913 4249 2082 4314 1829
2130 4267 2257 4312 non
2306 4247 2542 4312 accitae
2589 4248 3022 4332 proferantur:

567 4366 655 4450 11,
708 4355 823 4449 16,
879 4368 966 4432 46
998 4368 1124 4452 fiat
1169 4365 1286 4449 111,
1340 4366 1455 4448 15,
1502 4368 1542 4432 3
1592 4369 1857 4431 amictae
1905 4364 2024 4449 IV,
2077 4366 2197 4447 10,
2245 4368 2285 4432 6
2336 4367 2562 4429 exuuio
2610 4362 2727 4446 IV,
2781 4366 2886 4447 11,
2934 4366 3025 4430 40

564 4506 834 4568 proauo.
905 4483 1015 4548 sed
1061 4482 1216 4547 illud
1248 4484 1375 4566 fiat
1418 4483 1707 4566 quamuis
1756 4501 1794 4546 a
1839 4462 2011 4547 nullo
2060 4481 2263 4547 adhuc
2308 4501 2387 4546 ex
2427 4480 2587 4546 libro
2632 4481 2868 4565 scripto
2911 4480 3026 4546 ali-

570 4618 691 4683 quo
749 4604 1031 4665 notatum
1088 4600 1214 4664 iam
1271 4619 1385 4685 per
1442 4599 1643 4664 multa
1698 4598 1948 4664 saecula
2003 4618 2081 4664 ex
2143 4598 2400 4663 Antonii
2461 4595 2678 4663 Perrei
2741 4602 3025 4682 tempore
