3428 5235
1631 329 1671 393 6
1773 408 1781 417 .

425 504 601 589 quasi
653 502 1042 594 ‘inhaerebat
1106 503 1485 570 editionibus
1555 512 1620 571 et
1670 505 1983 572 mehercle
2037 504 2270 590 legenti
2329 528 2397 573 se
2455 481 2637 574 offert
2689 508 2879 593 ultro,

427 625 694 687 amictus
739 621 865 685 iam
917 621 979 685 in
1013 619 1484 686 Burmanniano
1533 622 1743 707 priore
1789 627 1853 687 et
1882 621 2278 689 Doruilliano
2327 624 2600 691 secundo
2645 625 2876 692 lectum

425 742 489 804 et
534 758 612 804 ex
644 736 1045 824 Neapolitani
1096 737 1564 823 multorumque
1612 738 1879 804 aliorum
1923 742 2162 805 amicus
2195 738 2523 827 Propertio
2562 741 2875 808 redditum

425 854 594 937 erat,
651 857 878 921 exuuio
939 853 1382 921 Borrichianus
1441 854 1862 922 Askewianus
1918 855 2259 922 Vossianus
2317 858 2558 943 primus
2616 864 2879 943 uterque

425 971 857 1038 Doruillianus
903 971 1329 1057 praebuerant
1373 992 1577 1057 neque
1625 977 1722 1039 est
1768 971 1877 1059 qui
1908 973 2025 1039 hoc
2056 994 2274 1040 uerum
2308 994 2446 1041 esse
2477 977 2664 1056 neget
2694 993 2879 1060 prae-

424 1088 642 1154 sertim
706 1107 847 1153 cum
893 1087 1294 1173 Neapolitani
1350 1086 1539 1153 lectio
1596 1112 1672 1155 ex
1723 1092 1875 1156 uiuo
1934 1094 1998 1156 et
2043 1087 2434 1173 Groningani
2493 1093 2720 1158 eximio
2769 1090 2880 1155 uix

425 1206 502 1271 ab
559 1207 786 1272 exuuio
842 1204 1142 1291 distingui
1204 1205 1553 1290 potuerint,
1626 1206 1706 1271 ad
1762 1211 2112 1272 extremum
2165 1231 2411 1294 proavo
2466 1208 2530 1273 in
2588 1206 2879 1273 omnibus

423 1321 624 1405 libris,
673 1325 935 1407 excepto
970 1318 1374 1404 Groningano
1424 1322 1530 1407 qui
1562 1346 1858 1410 proauus
1891 1324 2155 1408 aliisque
2187 1322 2429 1390 duobus
2463 1322 2570 1408 qui
2597 1345 2880 1410 proauos

426 1437 836 1522 exhibebant,
887 1439 1012 1504 iam
1061 1438 1294 1503 dudum
1342 1438 1667 1505 inuentum
1719 1445 1783 1505 et
1830 1440 1906 1506 ab
1953 1439 2295 1505 editoribus
2342 1439 2674 1526 probatum
2724 1444 2838 1505 est.

603 1555 828 1641 quibus
876 1559 1172 1640 quattuor
1218 1555 1374 1622 locis
1421 1556 1705 1641 plerique
1753 1556 1819 1621 id
1866 1559 2028 1642 quod
2076 1556 2153 1622 el.
2189 1556 2236 1640 I,
2287 1558 2352 1642 8,
2399 1558 2436 1623 7
2483 1556 2742 1640 legiturt

815 1703 867 1759 5.
922 1703 1081 1758 Tune
1118 1702 1309 1758 audire
1344 1707 1505 1772 potes
1541 1704 1736 1759 uesani
1772 1719 2050 1759 murmura
2084 1706 2240 1774 ponti

1025 1801 1221 1869 Fortis,
1260 1804 1318 1855 et
1351 1801 1410 1856 in
1445 1800 1585 1856 dura
1619 1815 1764 1856 nave
1800 1802 1979 1857 iacere
2014 1802 2214 1871 potes?

921 1899 1008 1954 Tu
1046 1898 1283 1970 pedibus
1316 1899 1521 1954 teneris
1558 1900 1770 1970 positas
1807 1898 1998 1955 fulcire
2034 1901 2337 1971 pruinas,

1030 1998 1117 2053 Tu
1152 2002 1311 2068 potes
1347 1997 1613 2067 insolitas,
1653 1998 1907 2068 Cynthia,
1944 1996 2087 2054 ferre
2124 1999 2319 2055 niues?

426 2137 839 2202 adnumerare
876 2134 1136 2201 malent.
1185 2154 1568 2221 quamquam
1597 2139 1824 2201 ruinas
1855 2155 2032 2201 suam
2060 2135 2250 2202 habet
2271 2134 2878 2221 interpretationem.

424 2254 632 2339 potuit
677 2252 842 2318 enim
892 2257 1104 2337 poeta,
1149 2257 1221 2317 ut
1267 2271 1398 2317 rem
1434 2256 1692 2334 augeret
1719 2250 1931 2317 uerbis
1962 2251 2254 2335 idemque
2284 2250 2513 2317 leuiter
2543 2251 2878 2331 iocaretur,

425 2371 645 2436 domos
692 2387 892 2456 paene
939 2368 1287 2435 dilabentes
1335 2369 1568 2435 deserti
1619 2367 1791 2434 illius
1840 2387 1963 2453 quo
1996 2366 2270 2453 Cynthia
2312 2367 2655 2434 festinabat
2700 2366 2880 2452 oppi-

425 2486 558 2552 duli
612 2506 726 2553 seu
770 2486 894 2553 uici
940 2487 1157 2552 ruinas
1204 2485 1413 2553 dicere
1459 2503 1619 2569 quae
1665 2491 1916 2552 teneros
1963 2485 2253 2551 dominae
2299 2484 2492 2570 pedes
2536 2482 2881 2566 laederent,

426 2607 498 2670 ut
551 2603 706 2671 haec
761 2608 927 2670 esset
983 2603 1326 2671 sententia:
1387 2603 1535 2688 quid
1594 2608 1663 2669 tu
1710 2604 1775 2668 in
1825 2604 2079 2671 ruinoso
2127 2603 2236 2671 illo
2283 2608 2348 2671 et
2391 2602 2576 2670 foedo
2625 2599 2880 2688 oppido,

425 2740 565 2787 cum
616 2720 837 2785 horum
890 2720 1543 2805 splendidissimorum
1592 2719 2022 2786 aedificiorum
2071 2721 2325 2786 luxuria
2367 2720 2493 2786 frui
2539 2717 2782 2804 possis?

606 2836 722 2902 hoc
780 2836 1082 2901 iudicium
1142 2836 1198 2900 si
1244 2855 1370 2900 non
1417 2854 1793 2921 unaquaque
1838 2835 2103 2902 lectione
2152 2840 2536 2921 pertractata
2581 2830 2880 2918 probabo,

429 2954 474 3019 ii
526 2959 695 3020 certe
741 2952 896 3018 mihi
940 2953 1269 3035 ignoscent
1315 2952 1422 3036 qui
1468 2951 1585 3018 hoc
1629 2971 1789 3038 opus
1836 2972 2021 3036 quam
2071 2952 2448 3018 scribentem
2481 2955 2544 3017 et
2570 2949 2878 3031 legentem

428 3070 730 3153 defatiget
772 3070 998 3136 sciunt.
1047 3068 1289 3134 accedit
1329 3068 1496 3153 quod
1525 3069 1651 3134 iam
1684 3067 2044 3136 Fridericus
2075 3067 2203 3136 Leo
2236 3069 2303 3134 in
2333 3067 2551 3136 Museo
2581 3065 2881 3133 Rhenano

433 3207 491 3253 a.
532 3189 701 3253 1880
747 3205 809 3271 p.
844 3187 972 3251 441
1011 3205 1144 3269 sqq.
1178 3185 1348 3251 haud
1391 3186 1809 3270 spernendam
1843 3185 2076 3253 laboris
2107 3192 2353 3271 partem
2386 3184 2663 3270 suscepit
2692 3200 2881 3267 quam

430 3302 945 3389 disputationem,
995 3309 1302 3386 quatenus
1350 3300 1600 3385 quidem
1653 3301 1734 3367 ad
1780 3301 1953 3367 illam
2000 3302 2334 3368 editionem
2366 3303 2615 3383 attinet,
2664 3299 2879 3386 paucis

430 3419 814 3503 minutisque
863 3417 1051 3484 rebus
1100 3418 1383 3503 exceptis
1431 3437 1689 3503 prorsus
1739 3425 1804 3484 et
1849 3418 2043 3504 probo
2092 3423 2154 3483 et
2198 3411 2468 3496 laudo*).

607 3555 756 3619 ergo
790 3536 880 3601 ita
911 3555 1043 3601 rem
1079 3555 1262 3617 agam
1297 3538 1366 3601 ut
1389 3534 1663 3620 primum
1692 3554 1801 3600 eos
1823 3535 1992 3600 locos
2018 3533 2243 3619 quibus
2267 3535 2533 3599 fortasse
2565 3530 2877 3617 quispiam

429 3652 634 3739 primo
668 3655 987 3717 oculorum
1021 3650 1241 3717 obtutu
1277 3650 1516 3735 aliquid
1548 3651 1787 3716 tribuat
1819 3652 2262 3736 perstringam,
2311 3649 2535 3716 deinde
2567 3649 2644 3715 de
2674 3649 2754 3714 iis
2786 3648 2880 3713 di-

430 3789 564 3835 cam
637 3768 714 3835 de
783 3766 1009 3852 quibus
1077 3770 1283 3853 ipsum
1331 3767 1486 3833 utile
1534 3766 1773 3850 aliquid
1820 3766 2049 3832 addere
2107 3787 2206 3833 me
2265 3786 2449 3851 posse
2505 3764 2879 3847 arbitrabar,

431 3891 752 3970 postremo
802 3903 989 3969 quam
1042 3883 1269 3949 mirum
1319 3884 1384 3949 in
1419 3882 1670 3948 modum
1707 3884 1809 3949 vir
1839 3881 1947 3950 ille
1978 3882 2378 3950 doctissimus
2408 3898 2879 3967 nonnumquam

431 4001 737 4068 errauerit
784 4001 939 4066 satis
988 3999 1330 4115 luculentis
1372 3999 1678 4086 exemplis
1727 3999 2190 4067 demonstrabo.

612 4266 667 4335 *)
703 4264 1071 4339 Kiesslingius
1108 4280 1326 4334 quoque
1362 4263 1628 4320 deutsche
1660 4265 2211 4337 Literatur·Zcitung
2246 4267 2385 4323 1880
2416 4283 2469 4337 p.
2490 4267 2592 4321 231
2613 4280 2694 4334 sq.
2731 4267 2880 4319 recte

432 4367 623 4418 contra
658 4362 1050 4418 Baehrensium
1089 4361 1332 4418 codicem
1372 4363 1793 4434 Neapolitanum
1831 4362 2096 4421 defendit.
