3428 5235
1632 306 1714 372 15

1595 602 1756 680 11.

1647 783 1706 847 1.

631 917 1023 986 Lachmanni
1070 923 1135 987 et
1176 915 1400 984 Jacobi
1461 936 1636 983 error
1681 913 2091 999 Groningano
2145 916 2409 983 nimium
2470 917 2902 1002 tribuentium,

451 1056 830 1122 quamquam
887 1035 1095 1104 Keilio
1145 1041 1209 1101 et
1251 1035 1530 1120 Hauptio
1601 1037 1944 1119 praeeunte
2003 1033 2081 1099 ab
2151 1034 2441 1100 omnibus
2511 1034 2618 1120 qui
2686 1040 2907 1120 postea

450 1149 784 1239 Propertio
833 1152 1226 1219 emendando
1274 1172 1528 1238 operam
1577 1150 1887 1216 dederunt
1932 1151 2409 1235 animaduersus
2456 1156 2555 1219 est
2599 1151 2906 1238 multique

454 1269 603 1334 inde
647 1269 767 1335 loci
814 1270 1076 1336 correcti
1123 1273 1290 1352 sunt,
1341 1273 1550 1334 tamen
1600 1268 1789 1332 etiam
1842 1286 2009 1332 nunc
2054 1267 2387 1333 nonnullas
2442 1266 2742 1336 lectiones
2787 1269 2907 1335 im-

457 1384 681 1449 merito
728 1386 791 1449 in
839 1386 1029 1451 surdo
1077 1385 1202 1451 situ
1249 1385 1456 1451 iacere
1502 1402 1872 1470 persuasum
1923 1384 2079 1449 mihi
2126 1389 2240 1451 est.
2320 1389 2468 1451 sunt
2515 1391 2722 1451 autem
2755 1385 2903 1453 hae:

523 1512 599 1583 ΙΙ,
638 1514 723 1584 15,
759 1515 854 1570 49:
929 1519 992 1570 tu
1028 1515 1192 1571 modo
1230 1515 1360 1571 dum
1399 1516 1546 1570 lucet
1581 1514 1819 1570 fructum
1857 1529 1928 1570 ne
1965 1513 2158 1570 desere
2196 1515 2362 1572 uitae.
2641 1482 2645 1488 ς

455 1631 789 1700 noluerunt
841 1635 964 1701 uiri
1024 1635 1187 1702 docti
1237 1634 1429 1701 Sexto
1485 1655 1713 1700 nouam
1764 1640 1827 1700 et
1886 1634 2210 1721 pulchram
2265 1634 2705 1719 cogitationem
2756 1656 2906 1703 con-

453 1751 695 1836 cedere,
745 1740 1082 1818 noluerunt
1128 1772 1271 1818 eum
1319 1753 1515 1817 uitam
1567 1751 1692 1816 diei
1741 1756 2005 1817 mortem
2057 1751 2226 1818 nocti
2273 1772 2662 1839 comparare,
2718 1775 2906 1839 quam

453 1867 532 1935 ob
578 1888 710 1935 rem
758 1868 1020 1953 uulgare
1075 1868 1231 1935 illud
1291 1874 1355 1935 et
1412 1869 1703 1954 pedestre
1751 1871 1902 1934 dum
1950 1870 2092 1934 licet
2149 1889 2234 1934 ex
2281 1867 2685 1954 Groningano
2745 1872 2908 1937 acci-

455 1990 687 2051 uerunt
761 1986 1037 2052 admissa
1111 1987 1472 2052 coniectura
1559 2004 1719 2070 quae
1809 2004 1932 2050 non
2012 1985 2361 2051 sententiae
2438 1986 2645 2071 aliquo
2721 1986 2908 2054 modo

461 2121 721 2168 mancae
767 2103 876 2170 sed
920 2108 1120 2169 metro
1166 2102 1479 2188 explendo
1524 2101 1813 2186 inseruit,
1873 2121 2250 2186 quamquam
2298 2103 2436 2189 ipse
2483 2107 2911 2190 poeta—supra

457 2216 732 2284 dlxerat'
977 2286 1108 2342 dum
1145 2302 1247 2342 nos
1283 2286 1398 2342 fata
1434 2287 1621 2342 sinunt
1656 2287 1846 2342 oculos
1882 2286 2146 2341 satiemus
2183 2301 2393 2341 amoret

1059 2400 1170 2441 nox
1204 2384 1308 2441 tibi
1343 2385 1507 2454 longa
1543 2384 1696 2440 uenit
1732 2399 1834 2440 nec
1871 2384 2117 2440 reditura
2152 2383 2287 2440 dies.

459 2524 643 2588 quem
711 2502 918 2570 locum
977 2523 1101 2570 non
1173 2504 1444 2570 tractaui
1513 2509 1586 2569 ut
1640 2522 1876 2569 nouum
1926 2503 2168 2588 aliquid
2223 2502 2572 2589 proferrem
2639 2538 2721 2550 —
2784 2505 2912 2571 scio

463 2621 626 2686 enim
673 2619 1145 2687 Lachmannum
1194 2640 1251 2686 a.
1292 2622 1462 2688 1829
1510 2623 1662 2686 dum
1709 2622 1872 2687 lucet
1917 2619 2189 2686 edidisse
2237 2625 2302 2686 et
2345 2619 2829 2704 Hertzbergium
2876 2643 2914 2688 a

463 2756 583 2821 quo
630 2758 889 2822 prorsus
935 2737 1301 2804 abiudicant
1355 2757 1608 2803 sensum
1670 2736 2118 2820 elegantiorem
2177 2737 2255 2802 de
2308 2734 2425 2802 hac
2476 2756 2543 2802 re
2596 2736 2723 2803 iam
2780 2758 2914 2804 mo-

458 2854 670 2923 nuisse
725 2889 814 2900 ——
860 2853 973 2920 sed
1019 2854 1187 2939 quod
1231 2874 1429 2938 usque
1476 2853 1555 2919 ad
1603 2853 1770 2919 hunc
1818 2853 1981 2919 diem
2033 2852 2385 2918 rectissima
2418 2851 2573 2918 haec
2604 2854 2915 2919 sententia
2982 2844 2994 2851 ”

459 2989 584 3037 non
630 2971 935 3057 probatur
980 2975 1066 3053 et,
1112 2970 1165 3035 si
1212 2970 1485 3053 genuina
1532 2974 1788 3056 putetur
1832 2968 1944 3034 illa
1974 2968 2372 3053 Neapolitani
2405 2967 2592 3034 lectio
2625 2989 2785 3053 quae
2818 2976 2917 3035 est

463 3088 616 3153 dum
662 3088 840 3170 lucet,
885 3085 1095 3152 nullus
1141 3086 1314 3152 locus
1363 3091 1559 3152 restet
1605 3106 1727 3169 quo
1777 3086 1878 3151 hic
1922 3084 2082 3151 liber
2134 3083 2551 3170 interpolatus
2599 3104 2735 3151 esse
2781 3104 2917 3152 cre-

466 3200 668 3269 datur.

532 3330 576 3402 1,
596 3317 700 3403 ²15,
736 3332 807 3389 33
843 3332 895 3389 N
929 3331 1185 3391 exhibet:
1255 3333 1410 3388 Muta
1443 3332 1596 3403 prius
1632 3336 1793 3387 uasto
1829 3330 2082 3388 labentur
2115 3330 2342 3386 flumina
2376 3336 2565 3402 ponto,

531 3429 602 3486 30
1349 3446 1525 3487 annus
1562 3436 1621 3485 et
1654 3431 1905 3486 inuersas
1942 3429 2165 3484 duxerit
2199 3434 2328 3485 ante
2365 3429 2535 3499 uices,

1245 3545 1410 3600 quam
1446 3535 1545 3584 tua
1582 3527 1686 3585 sub
1722 3534 1911 3585 nostro
1948 3532 2191 3583 mutetur
2227 3532 2449 3597 pectore
2486 3542 2643 3583 cura:

1351 3628 1428 3683 sis
1463 3626 1849 3698 quodcumque
1886 3627 2058 3697 uoles,
2097 3641 2206 3682 non
2244 3626 2421 3681 aliena
2454 3630 2656 3682 tamen.

1243 3741 1328 3797 qu
1347 3742 1445 3781 am
1483 3724 1610 3781 tibi
1646 3741 1716 3781 ne
1751 3725 1891 3781 uiles
1926 3725 2017 3780 isti
2056 3724 2348 3780 uideantur
2383 3724 2538 3779 ocelli

1350 3840 1449 3896 per
1485 3840 1624 3895 quos
1661 3840 1829 3895 saepe
1865 3824 1997 3879 mihi
2033 3823 2243 3879 eredita
2278 3821 2507 3893 perfidia
2541 3826 2645 3877 est.

468 3935 475 3940 ’
538 3922 609 3978 35
1248 3923 1352 3979 hos
1387 3929 1450 3979 tu
1485 3921 1726 3993 iurabas,
1764 3924 1813 3978 si
1849 3922 1981 3993 quid
2017 3922 2248 3998 mentita
2282 3918 2501 3988 fuisses,

1315 4026 1380 4077 ut
1413 4021 1517 4078 tibi
1553 4021 1853 4092 suppositis
1890 4020 2212 4076 exciderent
2246 4017 2527 4075 manibus.-
2561 4009 2565 4013 ’

1247 4125 1306 4176 et
1339 4125 1532 4181 contra
1567 4136 1829 4191 magnum
1865 4125 2023 4190 potes
2057 4119 2160 4175 hos
2195 4118 2445 4174 attollere
2482 4116 2670 4187 solem,

1349 4235 1454 4276 nec
1490 4219 1681 4276 tremis
1720 4218 1995 4275 admissae
2037 4216 2262 4273 conscia
2295 4213 2611 4286 nequitiae?

640 4306 749 4424 qui
804 4342 902 4406 est
955 4339 1409 4407 sententiarum
1456 4358 1658 4405 nexus
1675 4388 1694 4423 ,
1754 4338 1808 4404 si
1870 4356 2012 4404 cum
2058 4334 2449 4403 Lachmanni
2507 4330 2709 4399 amico
2764 4327 2919 4397 Got-

460 4455 739 4539 tingensi
794 4455 1065 4523 Ernesto
1123 4454 1414 4523 Schulzio
1473 4476 1551 4523 ex
1599 4454 2008 4538 Groningano
2062 4476 2214 4520 nam
2274 4453 2436 4518 mihi
2486 4446 2918 4517 restituimus?

458 4568 830 4658 Propertius
902 4573 1302 4640 fastidiosum
1371 4574 1436 4640 in
1508 4592 1756 4644 summo
1822 4592 1935 4639 suo
2004 4568 2286 4659 periculo
2353 4568 2554 4653 frigus
2610 4566 2919 4653 Cynthiae
