3428 5235
1679 295 1766 361 22

480 472 686 541 ‘habet
731 470 1074 559 (23-26).
1137 474 1262 539 iam
1313 472 1393 538 ad
1441 471 1625 538 huius
1673 472 2196 557 intemperantiae
2244 491 2496 537 causam
2546 471 2754 558 pergit
2783 491 2953 538 eam-

498 613 618 679 que
651 611 905 657 manum
948 611 1107 676 quae
1141 590 1441 657 obscenas
1473 588 1738 657 tabellas
1772 589 1980 674 prima
2004 588 2305 674 pinxerit,
2336 589 2597 654 damnat
2615 586 2952 671 (27-34).

497 709 779 794 sequitur
826 706 970 774 hoc:

1061 829 1159 885 sed
1196 842 1306 884 non
1343 826 1641 882 immerito:
1681 826 1889 881 uelauit
1925 841 2127 882 aranea
2165 825 2353 881 fanum

1172 930 1229 981 et
1267 927 1408 981 mala
1445 926 1692 981 desertos
1731 929 1968 996 occupat
2002 924 2174 980 herba
2211 924 2364 980 deos.

497 1058 540 1125 i.
575 1078 628 1124 e.
679 1056 789 1123 sed
844 1077 969 1122 non
1025 1056 1340 1122 immerito
1390 1061 1518 1122 tam
1566 1060 1895 1141 corruptos
1945 1074 2150 1122 mores
2197 1053 2518 1121 deflemus.
2610 1072 2756 1120 nam
2807 1054 2956 1122 deos

500 1175 974 1241 contemnimus.
1033 1193 1219 1257 quam
1263 1192 1468 1238 meam
1503 1172 1969 1238 distinctionem
2006 1171 2126 1237 nisi
2163 1171 2551 1257 probaueris‚
2601 1191 2677 1238 ne
2709 1171 2957 1238 defectu

500 1289 753 1374 quidem
802 1307 1096 1356 concesso
1144 1289 1401 1357 habebis
1434 1289 1600 1374 quod
1639 1289 2062 1372 intellegatur.
2154 1308 2355 1373 neque
2386 1287 2663 1372 difficile,
2710 1289 2954 1375 opinor,

502 1407 710 1472 animo
759 1404 1048 1472 audimus
1096 1406 1261 1491 quod
1308 1407 1544 1484 audiui,
1593 1407 1647 1473 si
1696 1406 1946 1492 quidem
1995 1412 2162 1472 recte
2210 1409 2398 1490 poeta
2443 1409 2657 1471 noster
2701 1405 2958 1472 ineunte

506 1523 783 1589 carmine
832 1521 1021 1589 dixit:

1030 1667 1088 1717 et
1125 1663 1341 1718 merito!
1399 1663 1653 1732 quoniam
1692 1663 1848 1731 potui
1884 1660 2094 1730 fugisse
2130 1662 2384 1732 puellam.

499 1801 615 1865 hoc
669 1798 854 1863 modo
904 1796 1132 1864 Sextus
1188 1803 1518 1883 postquam
1575 1796 1652 1862 de
1698 1796 2016 1861 communi
2064 1816 2308 1864 morum
2356 1795 2576 1862 morbo
2622 1797 2814 1882 dixit,
2876 1799 2956 1865 ad

501 1915 837 2001 Cynthiam
886 1914 1122 2000 optime
1170 1915 1507 1981 reuertitur
1555 1913 1841 1980 uersibus
1882 1913 2166 1980 37—40.
2230 1933 2419 1979 uersu
2450 1919 2658 1980 autem
2693 1917 2774 1979 41
2814 1919 2958 1999 post

503 2031 748 2118 puellae
794 2029 1121 2117 perfidiam
1172 2051 1348 2096 suam
1396 2030 1583 2096 fidem
1633 2050 1892 2117 prorsus
1941 2030 2157 2097 eodem
2207 2028 2391 2096 modo
2440 2030 2785 2116 praedicat,
2835 2050 2955 2116 quo

502 2149 580 2233 ΙΙ,
615 2150 721 2232 21,
762 2149 862 2232 19,
913 2147 1038 2230 ubi,
1087 2152 1423 2233 postquam
1470 2151 1603 2213 tota
1651 2146 1851 2230 elegia
1890 2145 2197 2231 Cynthiae
2242 2146 2569 2213 leuitatem
2600 2147 2956 2231 castigauit,

505 2267 596 2332 sic
641 2263 987 2331 concludit:

1003 2419 1105 2460 nos
1141 2419 1489 2475 quocumque
1525 2405 1663 2475 loco,
1703 2419 1804 2460 nos
1843 2404 1991 2460 omni
2028 2408 2275 2473 tempore
2312 2408 2494 2459 tecum

1104 2504 1224 2557 siue
1261 2517 1428 2572 aegra
1465 2503 1669 2572 pariter
1705 2503 1824 2558 siue
1862 2502 2081 2557 ualente
2119 2517 2325 2557 sumus.

683 2638 907 2706 deinde
953 2639 1019 2705 iu
1062 2641 1333 2726 septima
1365 2639 1564 2722 elegia
1595 2644 1740 2724 post
1771 2661 1830 2704 u.
1875 2640 1953 2704 12
1986 2658 2154 2705 noua
2185 2659 2335 2705 sane
2369 2638 2679 2706 sententia
2711 2640 2956 2726 incipit,

503 2755 679 2822 deest
725 2755 902 2821 nihil.
966 2756 1057 2822 sic
1104 2756 1270 2821 enim
1319 2776 1540 2834 uersus
1587 2754 1681 2820 illi
1730 2756 2097 2821 cohaerent:
2144 2778 2274 2821 non
2321 2759 2453 2821 eius
2474 2757 2665 2841 faces
2692 2759 2959 2845 perdere

492 2896 780 2961 possem,
843 2896 1004 2960 quae
1059 2897 1186 2940 riori
1241 2877 1486 2961 nuptiis
1541 2875 1651 2938 sed
1703 2896 1854 2938 uero
1913 2896 2126 2939 amore
2179 2886 2384 2959 nupta
2438 2874 2599 2938 milii
2654 2886 2772 2957 est,
2829 2898 2961 2941 nori

495 3013 747 3077 possem
794 2993 1049 3056 domum
1094 3005 1267 3057 tuam
1313 2992 1594 3056 clausam
1629 2993 1984 3076 praeterire
2027 2993 2373 3078 respiciens
2406 2991 2632 3057 limina
2663 3004 2775 3058 tua
2800 3016 2958 3081 pro-

506 3110 644 3173 dita
689 3113 752 3172 et
798 3128 856 3192 q.
891 3127 940 3172 s.
988 3108 1202 3191 itaque
1249 3107 1403 3173 haec
1451 3112 1546 3173 est
1578 3126 1826 3173 summa
1858 3107 2230 3188 sententiae:
2279 3110 2463 3173 eitius
2494 3111 2735 3173 morior
2768 3132 2961 3195 quam

509 3247 772 3290 uxorem
817 3225 976 3290 duco
1026 3223 1318 3309 (7-12),
1367 3226 1478 3290 sed
1522 3227 1771 3290 etiamsi
1812 3226 2098 3289 ducerem
2143 3236 2351 3289 tamen
2386 3228 2645 3311 patriae
2687 3226 2786 3290 nil
2807 3248 2962 3311 pro-

506 3342 772 3424 dessem,
828 3354 1050 3407 contra
1105 3345 1174 3407 in
1232 3364 1445 3407 amore
1495 3342 1717 3408 Castor
1775 3362 1915 3405 sum
1972 3354 2028 3405 et
2066 3341 2281 3425 qloria
2326 3341 2413 3404 ad
2460 3341 2961 3427 Borysthenidas

509 3459 640 3524 lata
686 3471 794 3523 est.

694 3573 841 3659 quid
889 3594 1040 3640 uero
1088 3573 1165 3639 de
1214 3580 1436 3641 octauo
1484 3574 1764 3640 carmine
1811 3571 2058 3638 dicam?
2097 3573 2347 3653 frustra
2394 3595 2637 3659 semper
2682 3586 2739 3639 te
2782 3595 2962 3640 uene-

507 3703 686 3757 ratus
733 3714 871 3757 sum
917 3687 1056 3776 (11,
1110 3692 1241 3774 12),
2765 3674 2770 3678 ¹

936 3845 1067 3900 ergo
1104 3830 1209 3885 iam
1252 3831 1451 3886 multos
1488 3830 1716 3885 nimium
1753 3830 2076 3885 temerarius
2113 3843 2302 3898 annos,

1043 3928 1307 3999 improba,
1346 3930 1439 3999 qui
1477 3929 1690 3983 tulerim
1731 3933 1895 3999 teque
1932 3933 2193 4000 tuamque
2230 3926 2480 3982 domum!

510 4075 551 4140 i.
588 4095 641 4141 e.
690 4098 836 4162 erqo
883 4079 1016 4143 iam
1059 4078 1287 4143 multos
1334 4100 1536 4143 annos
1580 4080 1850 4143 nimium
1884 4077 2169 4164 profecto
2202 4078 2571 4142 temerarius
2604 4098 2799 4160 eram,
2847 4076 2962 4143 sub

513 4212 637 4276 qua
684 4194 999 4259 sententia
1043 4194 1195 4259 latet
1239 4194 1436 4260 satius
1481 4193 1677 4260 fuisse
1723 4193 1848 4259 iam
1897 4192 2132 4260 dudum
2166 4192 2391 4259 duram
2423 4190 2739 4258 dominam
2772 4192 2965 4262 relin-

514 4329 724 4394 quere.
788 4311 915 4376 iam
965 4311 1314 4377 arctissime
1362 4330 1503 4377 cum
1551 4310 1659 4377 illo
1708 4315 1822 4399 qui
1866 4312 2116 4378 tulerim
2163 4325 2340 4397 teque
2385 4323 2681 4395 tuamque
2712 4312 2965 4378 domum

515 4427 843 4512 sequentia
896 4428 1257 4495 cohaerent:
1315 4453 1402 4495 an
1456 4453 1585 4497 non
1647 4451 1891 4518 semper
1946 4443 2017 4496 ut
2060 4451 2313 4496 seruum
2357 4449 2454 4493 me
2499 4431 2817 4510 tractasti,
2877 4454 2964 4495 an

513 4568 711 4633 usque
753 4549 823 4612 in
872 4559 1061 4632 eaput
1104 4569 1308 4614 meum
1352 4547 1547 4614 uerba
1586 4569 1767 4614 seruo
1801 4549 2000 4633 diqna
2028 4546 2264 4614 iacies?
2308 4564 2454 4616 nam
2487 4543 2554 4610 id
2585 4562 2710 4612 non
2742 4564 2963 4612 uereor
