3428 5235
1651 286 1690 349 8

448 460 555 528 ubi
619 461 672 525 si
730 461 1080 526 uocatiuum
1140 461 1474 525 eximimus
1542 447 1728 546 plane
1798 445 1887 525 nil
1957 465 2156 527 restat
2213 460 2379 547 quod
2446 462 2711 528 dicatur.
2826 468 2900 528 ut

451 584 658 643 autem
708 576 804 640 his
850 576 1002 642 locis
1057 596 1240 642 casus
1297 577 1550 663 quintus
1606 577 1744 644 uice
1798 577 1990 663 primi
2036 578 2342 664 fungitur,
2399 580 2493 644 sic
2537 578 2616 663 ΙΙ,
2686 581 2750 663 6,
2810 582 2899 647 20

452 693 696 778 primus
744 692 979 777 quinti:

1394 809 1461 820 —
1498 785 1560 835 tu
1596 780 1837 835 criminis
1874 783 2080 850 auctor,

984 877 1225 934 nutritus
1262 878 1416 948 duro,
1455 880 1703 948 Romule,
1742 879 1884 934 lacte
1920 880 2100 950 lupae,

873 983 936 1032 tu
974 991 1164 1048 rapere
1201 978 1436 1032 intactas
1474 976 1712 1032 docuisti
1748 977 1972 1048 impune
2008 977 2256 1035 Sabinas.

450 1096 596 1171 nam
643 1104 800 1171 illud
844 1110 1117 1172 nutritus
1165 1111 1227 1171 et
1274 1126 1333 1190 q.
1377 1126 1429 1171 s.
1523 1107 1615 1175 nil
1676 1106 1833 1172 facit
1878 1107 1956 1172 ad
2010 1107 2074 1173 id
2138 1107 2302 1192 quod
2359 1107 2470 1174 illo
2522 1107 2659 1174 loco
2715 1114 2903 1194 poeta

452 1222 615 1304 agit,
686 1221 798 1287 sed
861 1221 1124 1288 Romulo
1179 1224 1537 1308 appositum
1596 1229 1692 1289 est
1746 1229 1818 1288 ut
1882 1223 1937 1290 ei
2007 1224 2360 1290 irrideatur.
2470 1225 2685 1310 itaque
2720 1245 2904 1313 ‚caue

452 1338 700 1404 dubites
748 1338 898 1422 quin
944 1338 1089 1404 libri
1135 1339 1193 1405 D
1239 1354 1412 1406 acere
1466 1339 1608 1406 Itali
1655 1346 2079 1407 commentum
2126 1341 2232 1424 sit,
2280 1343 2345 1406 in
2406 1341 2572 1426 quod
2627 1340 2905 1408 incidere

451 1460 711 1539 propter
768 1455 1240 1521 similitudinem
1299 1456 1651 1523 litterarum
1709 1470 1737 1524 t
1788 1464 1852 1523 et
1903 1482 1942 1522 r
1994 1476 2120 1523 non
2178 1456 2429 1523 difficile
2487 1462 2641 1524 erat.
2759 1478 2904 1523 nam

456 1590 658 1654 neque
706 1585 1052 1658 praeuecta
1098 1573 1298 1657 felici
1360 1597 1530 1639 remo
1600 1588 1772 1641 utere
1839 1574 2079 1660 placet,
2150 1592 2290 1639 cum
2360 1574 2425 1639 in
2497 1573 2637 1659 ipso
2665 1634 2668 1637 .
2693 1575 2905 1660 potius

454 1685 896 1771 praeuehendo
941 1687 1187 1753 felicem
1236 1708 1377 1753 eam
1426 1709 1562 1755 esse
1595 1690 1940 1776 optandum
1975 1691 2186 1773 fuerit,
2235 1710 2436 1777 neque
2467 1691 2794 1758 'commode
2825 1692 2905 1759 ad

454 1807 732 1891 accipiat
774 1802 930 1869 illud
979 1818 1034 1870 te
1081 1804 1290 1872 animo
1339 1804 1611 1870 auditur.

525 1944 593 2014 11,
629 1944 681 2014 3,
716 1945 803 2000 42.
879 1945 938 2001 Si
976 1947 1097 2016 quis
1135 1948 1256 2002 uult
1289 1947 1437 2001 fama
1472 1946 1688 2001 tabulas
1726 1945 1935 2001 anteire
1972 1920 2239 2015 uetustas,

946 2044 1034 2099 hic
1071 2044 1346 2100 dominam
1384 2045 1635 2114 exemplo
1671 2049 1845 2114 ponat
1878 2045 1934 2099 in
1971 2050 2100 2099 ante
2139 2059 2336 2099 meam.

450 2187 586 2238 arte
630 2172 688 2238 D
751 2173 1013 2257 praebet
1057 2193 1095 2238 a
1149 2172 1362 2238 multis
1408 2174 1534 2237 iam
1583 2177 1925 2258 receptum.
2020 2173 2130 2238 sed
2178 2186 2323 2239 ante
2368 2173 2721 2240 necessario
2771 2193 2907 2239 mu-

451 2289 712 2354 tandum
747 2309 899 2398 esse
946 2309 1341 2374 nequaquam
1392 2290 1891 2355 demonstratum
1936 2289 2091 2354 mihi
2124 2289 2395 2355 uidetur.
2469 2266 2705 2376 optime
2738 2290 2906 2356 enim

452 2377 896 2472 Lachmannus
944 2405 1266 2472 insolitum
1318 2406 1803 2491 praepositionis
1848 2405 2155 2472 inlocum
2188 2405 2399 2472 Ovidii
2431 2426 2618 2473 uersu
2650 2412 2902 2473 metam.

455 2525 712 2611 11‚524
761 2523 1068 2590 defendit.

1063 2654 1326 2724 Argolica
1361 2653 1509 2723 quod
1547 2655 1603 2708 in
1640 2659 1769 2709 ante
1806 2653 2113 2709 Phoronide
2149 2651 2320 2736 fecit,

455 2774 615 2840 adde
660 2774 969 2858 Propertii
1015 2771 1093 2855 11,
1144 2774 1252 2856 20,
1306 2773 1415 2837 15:

1025 2919 1154 2959 ossa
1189 2902 1290 2957 tibi
1325 2904 1445 2958 iuro
1481 2918 1580 2972 per
1618 2903 1806 2958 matris
1842 2908 1899 2957 et
1935 2919 2063 2958 ossa
2097 2904 2359 2973 parentis.

458 3045 619 3110 quae
666 3023 957 3109 exempla
1013 3024 1067 3088 si
1113 3043 1239 3089 non
1287 3022 1474 3110 plane
1527 2999 1781 3105 gemina
1835 3030 1982 3088 sunt
2035 3030 2286 3106 nostro,
2341 3028 2410 3089 at
2462 3028 2629 3090 certe
2685 3024 2911 3091 docent

460 3141 568 3225 qui
624 3162 662 3207 a
706 3141 942 3206 leuiore
991 3140 1253 3206 audacia
1310 3140 1388 3205 ad
1438 3141 1599 3207 hanc
1647 3141 1947 3207 maiorem
1998 3140 2247 3205 ascendi
2298 3141 2591 3225 potuerit.
2690 3141 2798 3207 sed
2844 3141 2911 3207 in

461 3258 831 3345 explicando
882 3279 920 3324 a
963 3256 1365 3323 Lachmanno
1414 3277 1534 3321 non
1587 3277 1843 3342 possum
1894 3258 2044 3340 quin
2092 3257 2399 3323 recedam.
2493 3257 2549 3323 is
2582 3258 2746 3324 enim
2794 3257 2912 3324 hoc

459 3366 673 3441 modo:
720 3376 822 3440 hic
869 3388 1053 3440 antea
1097 3378 1167 3439 in
1216 3376 1474 3441 domina
1517 3397 1656 3439 mea
1697 3376 2025 3461 pinyenda
2071 3386 2351 3441 exerceat
2394 3397 2586 3461 quam
2631 3378 2721 3441 ad
2745 3380 2912 3441 ima·

456 3496 636 3580 pines
703 3516 852 3557 suas
910 3494 1192 3573 accedat,
1266 3510 1379 3574 ego
1438 3494 1660 3557 contra
1717 3492 1833 3556 sic:
1905 3492 2007 3556 hic
2059 3496 2270 3579 ipsam
2334 3494 2659 3558 dominam
2711 3515 2914 3559 meam

458 3614 688 3697 pinyat
731 3623 1072 3695 antequam
1119 3631 1326 3674 omnes
1361 3610 1550 3692 fama
1595 3612 1836 3673 anteire
1877 3611 2098 3695 possit.

535 3751 608 3821 11,
647 3749 734 3819 31,
777 3752 837 3804 7:
910 3749 1012 3803 Hic
1049 3747 1303 3817 equidem
1341 3747 1562 3803 Phoebo
1600 3747 1755 3802 uisus
1795 3747 1924 3802 mihi
1962 3747 2237 3817 pulchrior
2273 3748 2394 3817 ipso

964 3862 1298 3901 marmoreus
1335 3847 1505 3901 tacita
1544 3862 1763 3901 carmen
1802 3845 1951 3901 hiare
1989 3847 2121 3916 lyra.

894 3950 1059 4015 atque
1099 3961 1249 3999 aram
1288 3946 1488 3999 circum
1530 3947 1799 3999 steterant
1836 3948 2084 4000 armenta
2120 3944 2375 4015 Myronis.

465 4076 884 4165 Baehrensius
932 4096 1071 4141 cum
1121 4075 1333 4141 codice
1379 4095 1492 4141 suo
1539 4075 1588 4141 F
1635 4089 1951 4141 steterunt.

648 4193 758 4260 sed
827 4198 1047 4278 poetae
1104 4192 1369 4257 Romani
1437 4213 1623 4277 saepe
1683 4192 2366 4278 plusquamperfectum
2426 4191 2591 4276 quod
2650 4191 2917 4258 dicimus

473 4311 790 4393 adhibent,
848 4309 954 4374 ubi
1004 4317 1067 4375 et
1112 4309 1237 4395 ipsi
1285 4310 1556 4395 simplici
1589 4309 1931 4395 praeterito
1962 4308 2054 4373 uti
2086 4313 2351 4394 possunt
2382 4313 2447 4373 et
2474 4327 2589 4373 nos
2620 4305 2917 4374 Germani

471 4449 720 4515 semper
766 4428 1035 4509 utimur,
1094 4427 1146 4492 si
1197 4427 1345 4511 quid
1393 4427 1737 4513 praeterito
1786 4433 2069 4511 tempore
2113 4425 2347 4491 factum
2398 4425 2661 4508 cogitari
2709 4428 2922 4511 potest

472 4546 635 4634 quod
697 4551 841 4611 ante
898 4543 1072 4608 illam
1131 4544 1729 4641 plusquamperfecti
1787 4544 2095 4610 actionem
2168 4541 2484 4627 euenerit,
2541 4541 2730 4607 etiam
2781 4546 2917 4606 tum
