3428 5235
1643 255 1732 319 40

466 435 582 502 dus
631 438 754 517 est,
822 433 985 519 quod
1034 453 1159 499 non
1206 433 1329 499 nisi
1376 433 1452 499 de
1501 433 1678 517 signo
1727 433 2144 514 interroganti
2194 432 2270 498 de
2319 434 2496 513 signo
2546 433 2913 519 responderi

455 554 723 636 poterat.
820 570 899 642 ex
947 570 1067 634 quo
1115 550 1178 615 id
1227 569 1472 635 quoque
1516 549 1844 633 intelleges
1893 550 2238 635 nuperrimi
2284 549 2546 648 editoris
2588 554 2773 637 aigyna
2797 574 2913 638 pe·

455 672 572 734 tica
618 666 779 751 quod
832 665 1046 733 elicuit
1092 687 1167 733 ex
1217 666 1267 731 Ο
1316 668 1411 733 sui
1459 667 1774 753 scriptura
1819 669 2088 753 petenda
2131 666 2285 732 ferri
2331 687 2456 732 non
2514 687 2698 752 posse
2747 666 2912 751 quod

457 802 851 868 nequaquam
901 789 1088 869 poeta
1134 784 1251 850 hoc
1298 784 1576 849 carmine
1623 784 1700 849 de
1747 782 2017 849 Mamuri
2064 789 2272 849 statua
2318 789 2536 849 narrat
2581 783 2703 849 nisi
2749 783 2912 849 forte

456 900 755 967 extremis
805 900 1089 967 uersibus
1138 900 1244 983 qui
1292 901 1418 964 iam
1467 919 1588 964 non
1638 899 1716 964 ad
1765 899 1828 963 id
1877 899 2042 982 quod
2092 898 2290 981 elegia
2322 904 2541 965 nostra
2573 900 2910 985 exponitur

452 1017 789 1101 pertinent.
884 1017 1076 1081 immo
1123 1019 1392 1103 petenda
1439 1015 1892 1101 interpolatum
1953 1021 2062 1081 aut
2119 1037 2328 1083 errore
2386 1021 2592 1082 ortum
2652 1020 2748 1083 est
2795 1036 2908 1102 pro

453 1152 524 1199 eo
574 1134 738 1217 quod
788 1132 1040 1199 difficile
1087 1133 1411 1198 intellectu
1459 1139 1593 1199 erat
1642 1138 1751 1198 aut
1805 1138 2120 1199 uetustate
2169 1132 2567 1199 obliteratum
2615 1146 2905 1220 paterna.

450 1248 664 1333 itaque
732 1250 1059 1315 consilium
1119 1270 1299 1314 suum
1360 1250 1511 1315 deus
1570 1256 1904 1335 postquam
1973 1250 2136 1315 dixit
2203 1256 2453 1316 secutus
2510 1270 2577 1315 se
2634 1249 2903 1314 Tuscum

448 1365 645 1431 fuisse
691 1370 909 1432 narrat
940 1365 1238 1431 Volsiniis
1272 1388 1338 1432 se
1372 1366 1631 1431 Romam
1684 1367 1955 1449 uenisse,
2003 1366 2106 1431 ubi
2141 1366 2324 1432 turba
2370 1365 2906 1451 praetereuntium

451 1501 517 1548 se
565 1483 830 1548 iuuaret.
929 1488 1114 1548 antea
1163 1482 1279 1548 hac
1308 1482 1587 1549 Tiberim
1637 1484 1757 1548 iter
1803 1484 2046 1548 fecisse.
2141 1489 2272 1548 tum
2323 1482 2635 1547 delabitur
2681 1481 2745 1545 in
2793 1500 2906 1545 no-

451 1599 640 1663 minis
689 1599 783 1663 sui
832 1599 1385 1683 interpretationes
1434 1620 1629 1683 usque
1678 1599 1756 1663 ad
1806 1620 1865 1663 ιι.
1899 1600 2031 1680 48.,
2082 1618 2119 1663 a
2166 1598 2392 1683 quibus
2441 1598 2520 1662 ad
2555 1602 2904 1662 uestustum

449 1714 605 1780 illud
653 1718 902 1799 tempus
952 1735 1073 1799 quo
1122 1714 1380 1779 aduenit
1425 1714 1709 1781 uersibus
1753 1714 2004 1781 demum
2036 1716 2303 1781 49—54
2335 1714 2671 1780 reuertitur
2704 1732 2905 1798 neque

448 1830 617 1896 illius
667 1830 975 1897 aduentus
1024 1851 1167 1897 eum
1217 1831 1499 1916 paenitet
1545 1831 1652 1897 sed
1702 1850 1950 1916 semper
1980 1830 2110 1896 illic
2143 1832 2207 1896 in
2238 1830 2448 1896 media
2478 1830 2901 1896 Romanorum

454 1948 639 2016 turba
686 1949 926 2015 uersari
974 1950 1151 2033 cupit
1196 1949 1327 2027 (55.
1362 1943 1478 2032 56)
1525 1967 1727 2032 neque
1760 1948 2101 2032 quidquam
2150 1948 2272 2013 nisi
2306 1968 2419 2013 sex
2452 1966 2672 2013 uersus
2706 1946 2902 2012 histo-

446 2067 604 2131 riam
658 2066 821 2149 signi
880 2066 975 2130 sui
1025 2064 1469 2132 adumbrantes
1533 2066 1777 2150 expetit
1836 2058 2173 2145 (57—6'4).
2291 2061 2440 2129 fecit
2496 2063 2688 2146 igitur
2748 2062 2901 2128 deus

447 2182 611 2266 quod
661 2203 727 2248 se
773 2181 936 2247 uelle
983 2202 1171 2246 uersu
1221 2182 1493 2247 secundo
1530 2181 1801 2264 dixerat,
1849 2184 1939 2246 ita
1972 2186 2183 2246 tamen
2220 2187 2287 2245 ut
2319 2201 2450 2246 rem
2484 2197 2643 2264 quae
2676 2184 2901 2265 poetae

445 2300 724 2363 omniurn
775 2298 1150 2381 grauissima
1198 2300 1338 2363 uisa
1384 2304 1480 2363 est
1528 2298 1705 2381 quasi
1755 2318 1868 2382 per
1901 2317 2228 2363 excursum
2266 2297 2714 2381 interponeret.
2790 2294 2899 2361 sed

446 2415 563 2481 boc
610 2433 854 2499 quoque
901 2433 1010 2480 cur
1056 2415 1292 2481 factum
1340 2415 1423 2479 sit
1472 2421 1754 2499 apparet.
1850 2434 1993 2479 nam
2053 2415 2105 2479 si
2155 2434 2332 2479 sacra
2379 2412 2480 2479 uel
2529 2412 2899 2495 cognomina

443 2532 846 2619 interpretari
898 2532 1097 2596 uoluit
1142 2532 1231 2597 ita
1278 2551 1407 2596 rem
1458 2552 1595 2596 eam
1639 2531 1969 2596 instituere
2002 2531 2206 2615 potuit
2235 2535 2306 2595 ut
2337 2529 2680 2596 narrationi
2715 2527 2898 2593 alicui

444 2670 482 2714 a
513 2653 917 2714 monumento
968 2649 1236 2733 quodam
1283 2648 1700 2734 proficiscenti
1751 2649 2164 2731 cogitationes
2199 2667 2344 2713 suas
2377 2648 2710 2713 intexeret.
2783 2646 2899 2712 hoc

443 2766 496 2831 si
522 2773 696 2830 tenes
721 2766 844 2829 iam
872 2770 1100 2850 postu.
1136 2766 1215 2829 lO
1240 2767 1475 2850 optime
1500 2785 1558 2829 u.
1594 2768 1668 2829 11
1700 2767 1878 2848 sequi
1911 2765 2231 2830 concedes
2285 2783 2483 2848 neque
2509 2763 2574 2828 in
2610 2762 2896 2841 meritam
2944 2840 2953 2851 ο

444 2881 977 2966 uituperationem
1009 2880 1238 2945 incidit
1276 2880 1431 2945 illud
1464 2900 1685 2945 uersus
1728 2881 1804 2945 19
1837 2883 2108 2946 mendax
2136 2883 2332 2966 fama
2363 2879 2684 2946 noces-ubi
2715 2902 2898 2946 noces

441 2998 610 3063 idem
657 3005 838 3063 sonat
872 2998 1033 3082 quod
1063 3019 1288 3085 peccas
1322 2999 1487 3063 utin
1519 2996 1774 3063 Hero'id.
1852 2997 1974 3062 XX
2009 2997 2232 3080 (XIX),
2281 2999 2386 3063 35.
2461 3017 2677 3062 uerum
2729 2996 2894 3061 enim
3006 3094 3015 3100 ,

442 3119 596 3198 erat,
645 3116 1062 3180 Vertumnum
1107 3114 1345 3180 fructus
1394 3115 1779 3199 praecipere,
1827 3115 1985 3180 falsa
2017 3120 2226 3180 tamen
2269 3113 2378 3179 illa
2419 3114 2696 3179 nominis
2730 3113 2894 3179 deri-

440 3232 630 3297 uatio.
705 3232 814 3297 sed
863 3231 1023 3316 quod
1072 3230 1513 3297 Lachmannus
1561 3251 1783 3296 uersus
1843 3233 1946 3296 23.
2009 3233 2113 3296 29.
2175 3233 2279 3296 31.
2341 3232 2445 3296 35.
2504 3232 2609 3295 39.
2669 3232 2747 3294 41
2818 3231 2894 3295 ab

442 3347 953 3413 antecedentibus
1000 3348 1295 3431 seiunxit,
1344 3367 1467 3412 non
1517 3367 1771 3432 possum
1825 3347 1974 3431 quin
2023 3347 2226 3412 uirum
2281 3367 2615 3412 summum,
2645 3351 2892 3432 poetam

441 3462 768 3529 uellicasse
800 3463 1093 3531 iudicem.
1187 3463 1507 3530 nonnullis
1557 3465 1722 3530 enim
1773 3463 1928 3530 locis
1962 3463 2402 3530 Lachmannus
2452 3465 2515 3529 in
2566 3463 2894 3530 tractando

441 3584 663 3662 quarto
688 3579 848 3646 libro
875 3581 1139 3646 nimium
1168 3582 1373 3647 taedio
1399 3581 1630 3648 laboris
1662 3584 1760 3647 sui
1785 3582 2066 3648 indulsit.
2119 3602 2232 3665 ego
2267 3587 2435 3647 certe
2467 3582 2530 3647 in
2566 3581 2663 3646 his
2691 3582 2892 3647 omni-

439 3695 554 3761 bus
612 3696 701 3761 nil
762 3697 1243 3783 uituperandum
1307 3718 1443 3764 esse
1501 3717 1744 3764 censeo.
1853 3699 2123 3783 primum
2190 3699 2353 3764 enim
2429 3718 2544 3783 per
2604 3698 2894 3784 opposita

438 3816 625 3898 poeta
657 3813 1054 3898 progeditur:
1106 3813 1315 3899 puella
1347 3818 1410 3880 et
1456 3814 1553 3879 uir
1601 3834 1707 3880 ero
1756 3812 1889 3899 (23.
1939 3812 2074 3901 24),
2120 3836 2363 3881 messor
2394 3815 2502 3880 sed
2535 3816 2667 3880 fero
2702 3815 2889 3880 etiam

443 3949 619 3994 arma
665 3935 737 3995 ut
793 3931 1086 3996 messoris
1145 3930 1391 3997 corbem
1455 3929 1826 4016 (25-28),
1896 3933 2141 3998 sobrius
2192 3933 2390 4017 judex
2447 3932 2655 3999 ebrius
2710 3936 2894 4016 potor

444 4045 573 4127 (29.
626 4048 757 4130 36),
806 4047 1027 4113 Iachus
1059 4046 1345 4114 Phoebus
1395 4046 1524 4128 (31.
1562 4050 1696 4133 32),
1746 4054 2008 4115 uenator
2054 4069 2283 4135 auceps
2319 4049 2448 4131 (33.
2485 4050 2618 4133 34),
2667 4049 2892 4116 deinde

442 4162 594 4229 haec
641 4164 933 4249 opposita
980 4165 1104 4229 iam
1153 4165 1362 4230 minus
1411 4166 1771 4250 succedunt,
1819 4167 1926 4231 sed
1975 4169 2150 4232 uaria
2199 4175 2262 4234 et
2307 4169 2506 4233 mixta
2545 4168 2889 4233 formarum

438 4279 622 4364 copia
670 4280 905 4366 optime
954 4280 1282 4348 Vertumni
1332 4283 1673 4368 potentiam
1737 4284 2049 4350 describit.
2155 4305 2234 4350 ne
2294 4285 2359 4350 id
2417 4284 2666 4369 quidem
2727 4284 2888 4370 quod

441 4396 595 4462 deus
658 4403 803 4481 post
857 4398 1132 4482 reliquas
1200 4399 1435 4466 formas
1483 4421 1620 4468 eam
1671 4408 2013 4486 memorat,
2070 4422 2228 4487 quae
2287 4401 2406 4467 sibi
2471 4402 2730 4487 propria
2786 4403 2889 4487 sit,

440 4513 666 4578 mirum
726 4514 977 4582 uidetur
1034 4516 1400 4600 (41—46).
1516 4524 1648 4584 tum
1722 4539 1834 4605 per
1889 4534 1957 4586 at
2014 4539 2233 4585 uersus
2292 4521 2376 4585 47
2431 4518 2589 4585 hanc
2644 4523 2885 4603 partem
