3428 5235
1641 334 1729 400 25

454 517 644 586 finxit
688 535 1057 601 numquam,
1102 513 1550 598 intellegimus,
1598 514 1695 580 sin
1743 513 2000 579 ineunte
2047 510 2401 578 necessario
2450 513 2560 576 aut
2584 514 2717 577 toto
2746 509 2909 578 libro

449 641 570 706 aut
611 634 857 701 maiore
903 632 1039 699 eius
1086 637 1268 719 parte
1312 631 1670 714 Augustum
1719 630 2022 697 celebrari
2070 634 2532 716 exspectamus.
2852 717 2857 722 .

635 750 766 818 noli
812 750 1009 834 igitur
1053 749 1132 816 de
1180 749 1453 834 quinque
1498 747 1790 834 Properti
1834 745 2014 813 libris
2061 745 2467 813 Lachmanno
2514 743 2790 811 credere.

1589 1227 1779 1306 IV.

1661 1420 1719 1482 1.

636 1562 992 1645 Antequam
1043 1580 1164 1645 quo
1212 1564 1496 1645 tempore
1543 1559 1787 1646 priores
1832 1564 1964 1626 tres
1994 1558 2311 1646 Propertii
2349 1558 2494 1624 libri
2526 1559 2749 1644 scripti
2781 1560 2910 1625 sint

457 1677 783 1762 definiam,
840 1677 906 1743 id
970 1676 1395 1762 quaerendum
1449 1675 1607 1743 mihi
1661 1676 1914 1742 uidetur
1970 1683 2182 1742 utrum
2230 1675 2448 1743 eodem
2495 1682 2779 1763 tempore
2827 1697 2908 1765 an

454 1795 706 1863 diuerso
755 1795 1064 1861 secundus
1112 1799 1175 1860 et
1219 1795 1445 1860 tertius
1492 1793 1650 1860 liber
1681 1793 1891 1860 editus
1925 1793 2027 1859 sit.
2121 1799 2308 1878 atque
2341 1794 2614 1880 primum
2649 1791 2908 1858 demon-

456 1910 783 1978 strandum
831 1918 948 1996 est,
998 1910 1201 1976 adhuc
1246 1909 1421 1977 nulla
1469 1916 1842 1994 argumenta
1881 1909 2126 1996 prolata
2158 1930 2294 1977 esse
2325 1910 2550 1995 quibus
2583 1908 2770 1976 simul
2802 1928 2908 1976 eos

457 2027 660 2093 editos
707 2047 843 2094 esse
891 2028 1301 2095 euinceretur.
1381 2047 1527 2093 nam
1559 2025 1857 2093 Barthius
1905 2047 1977 2094 eo
2025 2027 2250 2093 ductus
2297 2033 2394 2093 est
2442 2025 2608 2111 quod
2653 2024 2907 2090 tertiam

457 2144 629 2209 tertii
672 2143 820 2210 libri
867 2144 1127 2227 elegiam
1163 2164 1324 2210 anno
1362 2145 1488 2211 725
1521 2144 1829 2210 decimam
1863 2145 2119 2210 secundi
2153 2163 2316 2210 anno
2351 2146 2481 2211 730
2511 2143 2906 2210 tribuendam

454 2265 519 2326 et
565 2278 819 2328 carmen
839 2241 953 2329 ‘13
1015 2260 1269 2328 secundi
1328 2261 1474 2329 libri
1533 2261 1611 2328 ab
1679 2262 1819 2347 ipso
1883 2266 2071 2347 poeta
2128 2281 2204 2328 ex
2261 2260 2447 2327 tertio
2505 2259 2908 2344 desumptum

452 2397 590 2443 esse
637 2378 905 2462 putauit.
1001 2378 1111 2443 sed
1164 2377 1283 2444 hoc
1328 2398 1445 2464 pro
1491 2378 1688 2444 nihilo
1739 2398 1874 2445 esse
1937 2377 2121 2444 modo
2170 2379 2463 2464 exposui,
2519 2375 2673 2441 illud
2724 2375 2909 2461 plane

450 2491 788 2558 ridiculum
838 2499 956 2577 est,
1004 2494 1170 2578 quod
1221 2513 1439 2560 uersus
1486 2493 1594 2578 ΙΙΙ,
1653 2495 1716 2579 3,
1764 2497 2047 2562 43-46
2105 2514 2502 2579 nequaquam
2551 2491 2627 2559 de
2674 2492 2909 2577 triplici

453 2608 726 2692 Augusti
775 2607 1094 2694 triumpho
1143 2610 1292 2676 anni
1339 2610 1471 2676 725
1518 2616 1733 2696 agunt,
1782 2616 1846 2679 et
1886 2612 1940 2678 si
1972 2615 2232 2695 agerent
2261 2632 2386 2677 non
2418 2612 2626 2697 ipsum
2659 2615 2908 2696 tempus

453 2723 692 2807 elegiae
761 2726 873 2792 sed
942 2731 1089 2812 post
1160 2727 1328 2812 quod
1397 2733 1647 2815 tempus
1714 2749 1790 2795 ea
1857 2729 2094 2815 scripta
2163 2734 2330 2795 esset
2382 2728 2905 2795 demonstrarent.

451 2861 654 2926 neque
719 2842 943 2909 melius
1011 2841 1455 2910 Lachmannus
1533 2847 1663 2929 egit
1732 2847 1839 2932 qui
1909 2846 2165 2912 tertium
2237 2866 2420 2912 suum
2490 2848 2909 2930 quartumque

449 2957 679 3024 librum
730 2958 871 3026 ideo
920 2960 1109 3026 simul
1158 2961 1360 3027 editos
1407 2963 1661 3047 putauit
1706 2963 1872 3048 quod
1904 2961 2272 3048 Propertius
2317 2967 2379 3028 et
2423 2960 2502 3046 ΙΙ,
2544 2964 2625 3029 10
2670 2958 2803 3046 (ΙΙΙ,
2844 2960 2905 3045 1)

451 3078 516 3141 et
559 3073 646 3140 ΙΙΙ
694 3074 827 3158 (IV)
876 3077 983 3160 24,
1033 3076 1118 3142 25
1168 3078 1592 3162 quinquennio
1640 3078 1749 3144 illo
1799 3080 2029 3144 amoris
2076 3080 2278 3145 fessus
2327 3079 2702 3164 scripsisset.
2797 3078 2904 3144 sed

450 3209 653 3274 neque
698 3191 763 3257 in
822 3190 931 3258 illo
991 3196 1246 3280 quando
1306 3199 1555 3283 scripta
1601 3196 1825 3282 puella
1875 3218 2015 3262 mea
2081 3210 2171 3262 est
2228 3195 2440 3262 odium
2502 3198 2564 3260 et
2617 3193 2906 3260 simultas

448 3305 617 3373 inest
659 3328 862 3394 neque
910 3309 964 3376 si
1009 3310 1246 3377 inesset
1291 3311 1387 3378 bis
1434 3312 1816 3379 simultatem
1868 3318 2070 3379 ortam
2104 3333 2240 3380 esse
2272 3310 2687 3398 improbabile
2719 3315 2904 3377 esset.

451 3423 691 3492 accedit
736 3426 903 3510 quod
947 3426 1024 3511 11,
1090 3429 1176 3494 10
1223 3448 1455 3494 annum
1504 3431 1633 3496 729
1680 3451 1743 3495 ιι.
1791 3432 1948 3514 730,
2009 3429 2126 3514 ΙΙΙ,
2182 3431 2299 3513 24,
2349 3431 2434 3498 25
2487 3449 2720 3494 annum
2771 3427 2900 3493 732

450 3541 571 3609 sibi
617 3562 876 3627 poscere
921 3543 1089 3608 infra
1121 3544 1678 3611 demonstrabitur.
1751 3565 2018 3630 cumque
2050 3545 2500 3628 Hertzbergius
2548 3545 2635 3611 nil
2686 3544 2906 3612 afferat

449 3677 559 3723 cur
603 3656 930 3724 Barthium
979 3657 1577 3745 Lachmaunumque
1626 3668 1926 3747 sequatur
1981 3660 2070 3749 (p.
2117 3660 2276 3749 227)
2331 3683 2457 3728 non
2513 3663 2698 3729 uideo
2755 3663 2902 3748 quid

448 3773 755 3856 impediat
801 3793 923 3858 quo
969 3775 1178 3842 minus
1225 3797 1429 3843 meam
1476 3780 1860 3845 sententiam
1909 3781 2179 3866 probare
2228 3781 2535 3846 studeam.

633 3894 821 3974 atque
869 3892 1141 3977 primum
1192 3894 1406 3979 paullo
1454 3897 1808 3961 accuratius
1864 3897 2053 3962 uelim
2113 3897 2368 3963 secundi
2424 3902 2488 3963 et
2541 3897 2711 3963 tertii
2757 3896 2904 3964 libri

451 4006 774 4091 prooemia
820 4027 1165 4094 compares.
1247 4010 1435 4095 quid?
1512 4013 1577 4077 in
1624 4013 1884 4079 secundi
1930 4013 2075 4081 libri
2122 4015 2443 4099 prooemio
2475 4011 2715 4080 nullam
2752 4013 2904 4080 dicit

449 4123 731 4207 corporis
778 4127 1118 4191 motionem
1168 4126 1404 4193 nullam
1452 4147 1671 4196 uocem
1722 4129 2032 4216 Cynthiae
2079 4151 2238 4217 esse,
2293 4152 2417 4216 qua
2463 4152 2589 4197 non
2638 4132 2717 4198 ad
2765 4152 2902 4197 car-

447 4239 623 4306 mina
664 4237 961 4324 fiugenda
1018 4261 1265 4310 summa
1319 4246 1551 4311 amoris
1609 4247 1675 4311 ui
1733 4247 2177 4334 compellatur,
2234 4268 2470 4334 suaque
2538 4249 2763 4315 funera
2823 4269 2899 4314 ex

446 4355 615 4423 illius
673 4356 859 4423 domo
921 4358 1174 4426 ductum
1237 4361 1335 4428 iri.
1440 4369 1660 4428 contra
1716 4362 1782 4429 in
1855 4365 2063 4449 prima
2118 4365 2261 4432 libri
2325 4367 2494 4433 tertii
2553 4366 2750 4450 elegia
2822 4365 2901 4432 de

448 4477 658 4539 amata
704 4474 915 4561 puella
960 4476 1070 4541 uix
1117 4478 1446 4561 cogitatur.
1543 4500 1687 4545 nam
1740 4481 1904 4564 quod
1951 4482 2182 4565 legitur
2234 4485 2292 4567 1,
2339 4485 2429 4551 40

1120 4618 1365 4688 gandeat
1398 4621 1454 4675 in
1491 4621 1652 4677 solito
1688 4624 1841 4676 tacta
1876 4623 2060 4691 puella
2096 4637 2232 4679 sono
