3428 5235
1657 287 1758 352 29,

475 466 730 532 alterna
776 465 1010 534 amoris
1043 467 1106 530 et
1136 462 1261 529 odii
1295 461 1806 555 Cynthiae-unda
1838 462 2105 529 iacta-tus
2139 467 2327 547 esset,
2374 461 2646 550 Cynthia
2674 471 2947 552 poetam

471 588 765 650 nostrum
825 585 936 648 aut
991 580 1267 648 nondum
1328 580 1611 671 uouisset
1666 584 1775 646 aut
1830 600 1956 644 non
2012 580 2386 647 admisisset.
2489 580 2932 673 Lachmannus

470 705 698 768 c'ontra
743 699 929 765 huius
977 697 1273 765 carminis
1321 703 1604 784 tempore
1635 695 2035 782 Propertium
2055 697 2192 763 'iam
2229 703 2292 763 et
2322 699 2633 766 amauisse
2665 705 2931 767 et'ama-

470 822 620 883 tum‘
674 836 845 900 esse,
905 820 978 881 ut
1035 837 1114 880 ex
1170 791 1417 882 discidii
1479 825 1643 881 anno
1700 814 1854 881 haec
1911 813 2113 896 elegia
2165 819 2362 898 esset,
2420 815 2540 882 sibi
2596 818 2929 902 persuasit.

472 953 666 1019 quam
730 933 1109 999 sententiam
1167 937 1247 997 'ut
1314 931 1596 998 refellam
1658 932 1782 998 tria
1845 935 2215 1014 argumenta
2268 930 2495 998 affero:
2554 934 2826 1018 primum
2877 935 2933 1001 si

471 1048 929 1117 contulerimus
990 1049 1272 1116 carmina
1317 1048 1425 1132 ΙΙΙ,
1473 1051 1579 1115 24.
1637 1051 1724 1114 25
1783 1048 2006 1133 quibus
2054 1048 2357 1114 finiuntur
2414 1054 2477 1115 et
2521 1055 2651 1116 tres
2700 1053 2933 1118 amoris

470 1166 623 1234 libri
669 1172 743 1232 et'
780 1172 1001 1255 poetae
1047 1186 1252 1250 amor,
1310 1165 1480 1231 illam
1532 1165 1802 1251 primam
1855 1166 2046 1251 primi
2092 1158 2239 1231 libri
2298 1165 2560 1247 elegiam
2612 1187 2737 1252 qua
2782 1180 2867 1236 se'
2897 1189 2937 1234 a

474 1282 751 1369 Cynthia
798 1289 1050 1369 captum
1114 1303 1251 1350 esse
1306 1288 1493 1349 canat
1548 1282 1752 1368 primo
1813 1283 2047 1348 amoris
2106 1287 2391 1368 tempore
2447 1283 2746 1370 scriptam
2783 1298 2935 1352 'esse

474 1399 803 1487 probabile·
849 1399 975 1466 fiet.
1070 1399 1324 1483 deinde,
1380 1404 1451 1464 ut
1494 1399 1847 1465 rectissime
1892 1398 2343 1481 Hertzbergius
2392 1420 2452 1485 p.
2488 1402 2574 1465 42
2622 1403 2945 1487 exposuit,

472 1512 839 1582 Milaniouis
872 1516 1161 1602 exemplo
1193 1514 1594 1602 Propertium
1629 1536 1754 1582 non
1785 1516 1902 1582 hoc
1935 1536 2122 1597 agere
2156 1522 2225 1581 ut
2256 1516 2581 1583 dominamv
2601 1509 2937 1606 ‘recuperet

483 1633 588 1698 sed
638 1639 709 1698 ut
756 1634 959 1719 primo
1011 1653 1147 1699 sese
1190 1633 1256 1699 in
1307 1633 1551 1719 puellae
1585 1653 1862 1699 amorem
1896 1633 2175 1699 insinuet
2205 1633 2706 1701 demonstratur.
2762 1643 2936 1720 post-

476 1769 652 1815 remo
700 1748 814 1815 hos
860 1761 1082 1816 uersus
1130 1750 1515 1836 perpendas:
2691 1762 2696 1765 ⁴

973 1905 1075 1946 uos
1111 1895 1391 1946 remanete
1428 1889 1629 1959 quibus
1666 1887 1814 1944 facili
1850 1889 1987 1944 deus
2025 1889 2217 1945 annuit
2254 1905 2402 1960 aure,

1081 1989 1201 2043 sitis
1236 1992 1294 2043 et
1330 1989 1386 2044 in
1422 1993 1543 2043 tuto
1581 2002 1799 2057 semper
1835 2002 2020 2042 amore
2057 2003 2237 2058 pares.

477 2116 534 2183 si
583 2117 749 2183 enim
794 2121 1045 2203 poetam
1093 2108 1369 2184 nondum
1419 2138 1457 2183 a
1510 2116 1784 2203 Cynthia
1830 2122 2105 2183 amatum
2156 2137 2293 2182 esse
2351 2121 2722 2202 statuamus,
2768 2124 2939 2185 recte

481 2254 549 2300 se
598 2233 784 2301 habet
828 2233 976 2300 hoc:
1026 2258 1150 2320 ‘uos
1195 2247 1507 2328 remanete
1554 2235 1782 2321 quibus
1820 2236 2025 2300 Amor
2069 2238 2316 2318 annuit,
2365 2258 2475 2321 eqo
2519 2239 2625 2302 cui
2659 2239 2942 2302 nondum

478 2357 708 2419 annuit
759 2353 929 2418 abe0.
1026 2351 1138 2417 sed
1184 2371 1259 2416 ex
1308 2350 1714 2445 Lachmanni·
1748 2350 2090 2434 sententia,
2150 2351 2314 2434 quod
2362 2351 2561 2416 Amor
2605 2350 2938 2439 Propertio

475 2468 605 2535 iam
654 2468 876 2533 annuit
919 2467 1028 2532 sed
1077 2487 1202 2532 non
1250 2467 1501 2532 assidue
1546 2467 1822 2550 fauebat,
1873 2467 1989 2533 hoc
2037 2467 2246 2552 potius
2294 2466 2420 2532 dici
2467 2466 2765 2536 debebat:
2823 2492 2939 2536 uos

478 2576 791 2652 remanete
836 2586 953 2671 qui
994 2586 1318 2651 amamini.
1385 2583 1662 2670 alioquin
1711 2583 1876 2651 enim
1923 2604 2063 2650 eum
2096 2584 2304 2670 ipsum
2340 2603 2585 2669 quoque
2615 2598 2948 2652 remanere

479 2701 736 2768 necesse
784 2693 967 2768 esset.

658 2818 788 2885 iam
848 2818 1172 2904 quaeritur
1227 2837 1377 2882 num
1437 2816 1689 2884 Sextus-
1722 2817 1891 2884 hunc
1946 2818 2179 2883 furoris
2240 2838 2471 2885 annum
2520 2821 2688 2886 inter
2753 2820 2939 2905 quin-

481 2927 821 3023 quennium
884 2934 1040 3000 illud
1095 2935 1543 3000 numerauerit.
1638 2941 1827 3020 atque
1874 2935 2028 3001 mihi
2077 2935 2327 3020 quidem
2377 2940 2565 3021 poeta
2612 2936 2943 3002 acerbissi-

486 3074 656 3118 mum
717 3051 1046 3119 seruitium
1095 3051 1316 3117 tulisse
1363 3051 1644 3135 uidetur,
1703 3051 1870 3136 quod
1915 3051 2149 3117 ferrum
2202 3056 2266 3116 et
2312 3051 2521 3134 ignem
2572 3056 2634 3117 et
2680 3052 2940 3118 exilium

484 3169 865 3237 toleraturus
907 3173 1004 3234 est
1032 3169 1433 3251 maximeque
1465 3168 1746 3233 omnium
1779 3166 1966 3233 huius
2000 3167 2149 3232 anni
2179 3167 2411 3233 furoris
2444 3188 2587 3233 eum
2620 3170 2943 3253 poenitere

483 3305 736 3352 necesse
784 3291 949 3370 erat,
996 3294 1330 3371 postquam
1379 3282 1710 3370 perfidiam
1759 3283 2006 3370 puellae
2052 3283 2305 3371 penitus
2353 3285 2696 3371 perspexit.
2790 3284 2943 3370 quid

484 3407 692 3469 autem
740 3401 1044 3487 sequitur,
1092 3402 1362 3468 sirecte
1408 3401 1911 3487 disputauimus?

667 3524 946 3585 nostram
997 3518 1261 3602 elegiam
1312 3524 1459 3585 ante
1506 3524 1746 3589 ceteras
1794 3537 2012 3584 omnes
2059 3518 2139 3583 ad
2181 3516 2515 3603 Cynthiam
2564 3519 2791 3584 missas
2838 3518 2941 3586 uel

487 3635 796 3723 Cynthiae
842 3656 1118 3702 amorem
1168 3641 1737 3702 commemorantes
1785 3635 2083 3722 scriptam
2135 3653 2272 3700 esse
2319 3639 2489 3700 etex
2522 3635 2727 3721 primo
2760 3636 2943 3720 quin-

488 3753 821 3838 quennalis
862 3753 1034 3820 illius
1080 3754 1323 3820 seruitii
1372 3773 1536 3819 anno
1583 3753 1827 3819 nullum
1875 3773 2128 3820 carmen
2178 3758 2448 3819 exstare.

1671 4049 1737 4114 4.

666 4198 774 4264 sed
823 4197 1192 4264 accedamus
1240 4197 1316 4263 ad
1361 4198 1664 4285 temporis
1697 4197 2122 4265 definitionem
2155 4198 2452 4265 carminis
2485 4197 2593 4282 ΙΙΙ,
2640 4199 2703 4263 4.
2753 4203 2941 4282 atque

490 4313 942 4398 Hertzbergius
1011 4314 1115 4399 qui
1187 4315 1431 4400 primus
1501 4315 1782 4381 omnium
1839 4313 2050 4401 paullo
2109 4315 2460 4382 accuratius
2515 4315 2784 4381 Dionem
2840 4315 2941 4380 in-

488 4437 786 4516 spexerat
842 4436 988 4497 ante
1034 4450 1266 4496 annum
1319 4432 1441 4496 731
1495 4430 1762 4514 elegiam
1808 4430 1982 4497 illam
2032 4431 2223 4498 scribi
2270 4450 2397 4497 non
2446 4431 2726 4517 potuisse
2770 4436 2941 4497 recte

488 4548 830 4614 contendit.
920 4568 1067 4613 nam
1127 4567 1324 4632 usque
1383 4547 1466 4614 ad
1520 4547 1699 4613 illum
1749 4568 1984 4614 annum
2032 4548 2356 4630 Augustus
2402 4546 2603 4613 filium
2648 4545 2940 4612 Phraatis
