3428 5235
1749 280 1832 344 14

630 453 728 525 111,
767 453 852 526 11,
888 452 960 508 34
984 466 1101 523 sqq.
1247 481 1315 491 —
1351 455 1410 507 et
1442 451 1647 508 totiens
1683 456 1871 509 nostro
1910 452 2148 523 Memphi
2186 458 2414 511 cruenta
2447 453 2610 525 malo,

1126 554 1240 606 tres
1275 549 1370 605 ubi
1406 550 1669 621 Pompeio
1706 550 1947 607 detraxit
1983 567 2149 607 arena
2185 552 2517 640 triumphos!

1238 649 1395 704 tollet
1428 649 1577 703 nulla
1612 648 1732 704 dies
1767 648 1912 704 hanc
1947 648 2064 720 tibi,
2100 650 2292 720 Roma,
2331 654 2534 706 notam.

1125 747 1299 802 issent
1332 746 1635 816 Phlegraeo
1670 747 1866 803 melius
1901 746 2002 802 tibi
2038 737 2232 803 funera
2269 763 2482 819 campo.

559 920 609 987 F
664 922 774 987 hec
831 921 951 988 tibi
993 921 1302 1007 Pompeio
1357 919 1638 1003 exhibet,
1696 939 1775 986 ex
1824 939 1944 1004 quo
1994 918 2196 986 editor
2239 919 2646 1007 nuperrimus
2693 940 2883 987 uersu
2929 922 3014 988 36

559 1059 701 1106 oum
746 1038 1148 1106 Lachmanno
1203 1042 1351 1123 post
1403 1057 1463 1101 ιι.
1514 1037 1598 1103 39
1657 1042 1721 1102 et
1774 1057 1835 1102 u.
1884 1040 1973 1103 40
2034 1041 2180 1122 post
2230 1059 2294 1103 u.
2337 1038 2423 1104 35
2471 1037 2889 1122 transposito,
2947 1041 3018 1104 ut

561 1155 726 1242 quod
773 1175 962 1221 uersu
1010 1153 1093 1220 37
1140 1152 1372 1237 legitur
1417 1153 1535 1219 tibi
1577 1152 1837 1219 haberet
1880 1172 2001 1237 quo
2042 1154 2404 1238 referretur,
2458 1169 2580 1221 tres
2611 1154 2726 1220 ubi
2760 1156 3021 1243 Pompei

560 1268 785 1337 effecit.
866 1269 975 1336 sed
1023 1268 1159 1333 sine
1206 1286 1398 1333 causa
1442 1266 1671 1332 idonea
1701 1265 2148 1332 Lachmannus
2198 1287 2496 1334 uersuum
2545 1270 2831 1353 ordinem
2879 1291 3016 1337 mu-

557 1387 740 1453 tauit.
834 1383 1142 1470 quomodo
1213 1384 1380 1450 enim
1451 1403 1641 1450 uersu
1710 1385 1796 1449 36
1861 1388 2006 1469 post
2057 1403 2314 1450 uersum
2373 1385 2459 1451 35
2514 1386 2722 1471 posito
2779 1388 3014 1455 Caesar

558 1500 995 1589 uituperetur?
1086 1520 1165 1566 an
1227 1519 1352 1565 non
1401 1499 1691 1566 dedecori
1738 1498 1974 1566 Romae
2023 1505 2159 1566 erat
2207 1505 2270 1566 et
2315 1502 2494 1587 quasi
2542 1512 2693 1569 nota
2740 1506 3011 1591 superbo

557 1619 649 1685 illi
706 1617 939 1705 populo
997 1617 1238 1700 inusta,
1298 1616 1462 1700 quod
1511 1615 1811 1702 Aegyptii
1871 1617 2072 1683 tribus
2129 1616 2259 1682 illis
2313 1618 2653 1705 triumphis
2702 1657 2785 1667 —
2836 1622 3014 1708 quasi

560 1735 780 1822 spoliis
829 1770 911 1781 —
970 1732 1268 1799 detractis
1325 1731 1796 1816 gloriabantur?
1887 1732 2114 1799 deinde
2169 1753 2293 1800 non
2352 1734 2597 1819 dubito,
2654 1735 2802 1820 quin
2861 1735 3013 1803 Pro-

558 1851 799 1940 pertius
863 1871 1086 1917 uersus
1145 1849 1229 1917 37
1300 1849 1420 1915 tibi
1483 1848 1562 1914 ad
1619 1850 1988 1934 Pompeium
2054 1850 2290 1916 referre
2348 1853 2656 1937 potuerit,
2723 1854 3014 1938 quamuis

557 1968 777 2036 uersus
825 1971 911 2036 36
958 1969 1078 2034 tibi
1120 1967 1197 2033 de
1242 1966 1444 2032 Roma
1490 1966 1725 2032 dictum
1776 1973 1959 2033 esset.
2031 1974 2199 2033 certe
2245 1969 2300 2034 si
2345 1967 2452 2034 ille
2498 1988 2719 2035 uersus
2768 1974 2914 2056 post
2951 1991 3012 2036 ιι.

557 2087 643 2152 35
691 2091 860 2151 recte
905 2084 1136 2166 legitur
1181 2083 1302 2148 tibi
1342 2081 1564 2147 uersfis
1610 2082 1694 2147 37
1746 2102 1819 2149 eo
1861 2084 2027 2168 quod
2071 2084 2199 2150 iam
2249 2087 2333 2151 35
2381 2105 2441 2149 u.
2478 2086 2680 2151 oratio
2713 2087 2792 2152 ad
2825 2084 3011 2153 Pom-

556 2202 766 2288 peium
825 2200 1133 2283 derigitur
1188 2198 1475 2265 excusari
1534 2198 1704 2264 nullo
1763 2200 1947 2264 modo
1997 2204 2224 2284 potest.
2318 2202 2419 2266 sin
2465 2206 2607 2286 post
2652 2223 2713 2268 u.
2763 2203 2848 2269 39
2896 2223 3010 2289 po-

555 2317 798 2383 nendus
853 2321 980 2399 est,
1039 2315 1196 2380 illud
1244 2316 1361 2381 tibi
1404 2313 1623 2380 uersfis
1671 2315 1756 2380 37
1806 2315 1973 2401 apud
2021 2313 2418 2402 Propertium
2468 2318 2723 2386 omnino
2770 2318 3007 2386 nullam

555 2433 746 2500 habet
791 2431 1219 2515 offensionem,
1266 2431 1343 2497 de
1390 2450 1514 2516 qua
1559 2450 1628 2496 re
1677 2429 2118 2498 Lachmannus
2166 2433 2243 2497 ad
2292 2432 2376 2498 IV
2423 2429 2562 2518 (Ill)
2618 2437 2723 2519 12,
2770 2437 2857 2500 44
2897 2455 3005 2501 ex-

556 2550 787 2639 posuit.
882 2569 1262 2636 quamquam
1317 2548 1419 2613 uir
1472 2547 1579 2614 ille
1636 2548 1856 2614 doctus
1910 2548 2211 2635 pleraque
2268 2549 2452 2635 hujus
2513 2570 2663 2617 usus
2720 2549 3010 2639 exempla

555 2668 930 2735 coniecturis
985 2671 1096 2733 aut
1151 2666 1508 2732 defectuum
1568 2665 1736 2733 notis
1794 2667 2020 2751 positis
2072 2687 2106 2733 e
2151 2667 2361 2734 medio
2406 2666 2609 2752 tollit,
2657 2669 2723 2734 in
2773 2689 2896 2754 qua
2939 2688 3009 2735 re

553 2784 942 2850 uoluntatem
1001 2783 1201 2866 magis
1262 2783 1543 2866 sequitur
1601 2802 1789 2866 quam
1847 2783 2175 2848 rationem.
2270 2788 2553 2869 praestat
2597 2785 2791 2868 igitur
2836 2782 3006 2850 nullo

557 2905 740 2987 pacto
795 2899 951 2965 illud
996 2901 1106 2965 hec
1150 2900 1283 2965 tibi.
1378 2904 1587 2964 utrum
1637 2903 1845 2965 autern
1894 2900 2281 2984 probabilius
2329 2906 2455 2985 est,
2511 2901 2760 2969 doctum
2808 2900 3006 2966 inter-

556 3016 905 3104 polatorem
966 3017 1102 3082 sine
1161 3036 1349 3082 causa
1395 3020 1523 3082 tres
1571 3015 1714 3082 illos
1763 3015 2115 3101 triumphos
2162 3016 2227 3081 in
2275 3015 2675 3105 Propertium
2722 3014 3007 3083 intulisse

555 3153 637 3198 an
684 3133 909 3200 Italum
958 3132 1167 3198 minus
1215 3133 1610 3218 antiquitatis
1656 3133 1943 3201 doctrina
1988 3133 2273 3200 adiutum
2321 3154 2437 3220 pro
2486 3155 2558 3201 eo
2607 3136 2771 3220 quod
2812 3135 3008 3201 inter·

554 3252 793 3337 pretari
838 3271 964 3316 non
1013 3249 1321 3335 potuisset
1366 3264 1489 3316 tres
1534 3251 1648 3317 ubi
1692 3250 2055 3337 expeditum
2103 3250 2260 3318 illud
2305 3252 2413 3316 hec
2458 3252 2577 3316 tibi
2621 3249 2940 3335 posuisse?

736 3366 862 3434 Sed
919 3387 1060 3434 cum
1121 3368 1249 3432 iam
1307 3367 1388 3433 ad
1436 3367 1559 3432 alia
1615 3367 1865 3433 animus
1921 3367 2180 3434 festinet
2235 3366 2389 3433 haec
2444 3365 2765 3433 hactenus.
2858 3385 3008 3431 nam

555 3483 741 3567 longe
793 3482 1086 3569 plurimis
1131 3483 1287 3550 locis
1349 3482 1555 3568 primo
1613 3488 1874 3569 aspectu
1926 3484 2215 3573 uidemus
2274 3487 2505 3568 quanto
2555 3480 3008 3569 Neapolitanus

553 3601 738 3667 nouis
782 3599 910 3667 illis
963 3597 1142 3666 libris
1188 3599 1585 3686 interpolatis
1631 3601 2081 3686 praeferendus
2130 3602 2243 3685 sit,
2301 3598 2616 3666 nonnullis
2677 3596 2832 3664 locis
2880 3595 3006 3663 ele-

554 3717 839 3802 gantiore
888 3716 1156 3801 quodam
1204 3736 1393 3783 sensu
1439 3717 1737 3784 commoti
1779 3717 1956 3784 illum
1990 3718 2266 3785 codicem
2300 3718 2643 3803 sequimur,
2690 3713 3006 3781 interdum

554 3853 672 3919 per
717 3853 784 3900 se
830 3831 989 3898 nihil
1033 3833 1299 3900 interest
1328 3839 1536 3900 utrum
1571 3854 1877 3902 nouorum
1909 3834 2213 3902 librorum
2249 3854 2328 3899 an
2359 3830 2761 3920 Neapolitani
2790 3829 3009 3897 lectio-

554 3968 700 4017 nem
749 3948 1146 4035 recipiamus,
1208 3970 1553 4037 numquam
1601 3952 1882 4039 exceptis
1931 3956 2226 4038 quattuor
2269 3949 2397 4016 illis
2446 3949 2604 4016 locis
2656 3947 3009 4015 necessario

555 4065 958 4153 nuperrimae
1002 4065 1098 4155 illi,
1142 4067 1492 4136 recensioni
1539 4067 1779 4154 aliquid
1824 4068 2101 4136 tribuere
2147 4066 2451 4152 cogimur.
