3428 5235
1576 349 1656 414 19

390 531 584 597 tundo
625 527 748 594 tibi
775 527 1064 593 acc-ereis.
1115 523 1329 608 itaque
1359 523 1675 610 incipiunt
1704 524 1815 591 illa
1848 526 2175 592 enuntiata
2206 526 2480 611 quasi‘id
2514 527 2846 610 diceretur,

387 644 556 731 quod
592 647 779 730 poeta
809 640 1018 725 uellet,
1058 644 1404 725 sequuntur
1427 645 1679 728 praeter
1702 642 2200 726 expectationem
2230 650 2387 727 quae
2411 663 2631 725 magus
2657 662 2847 709 euen-

388 766 537 828 tura
568 779 711 827 esse-
736 758 1004 845 putauit.
1054 777 1129 823 ex
1166 777 1288 843 qua
1318 756 1531 843 lepida
1564 758 2014 824 sententiarum
2050 759 2229 843 quasi
2263 760 2567 826 mixtione
2592 760 2655 825 id
2680 760 2847 844 quod

393 877 543 946 alibi
597 896 721 941 non
769 875 1002 942 dicitur
1049 875 1346 940 lacrimae
1391 877 1660 940 accereie
1707 874 2076 960 explicatur.
2136 895 2278 941 nam
2323 877 2538 962 qlom'a
2581 878 2848 944 honores

388 999 559 1061 recte
612 1004 1024 1059 acceo-cuntur
1081 990 1282 1071 (Curt.
1328 993 1402 1075 8,
1457 994 1535 1058 13
1569 991 1672 1056 fin.
1713 988 1911 1078 10,5>.
1983 1013 2187 1077 neque
2239 992 2306 1059 id
2351 993 2535 1059 ualde
2583 994 2675 1059 illi
2725 994 2847 1060 lec-

292 1115 296 1118 ”
386 1111 547 1178 tioni
608 1111 878 1177 accersis
935 1109 1233 1174 lacrimae
1292 1121 1554 1174 cantans
1613 1108 1866 1174 obstare
1924 1109 2078 1173 mihi
2129 1109 2401 1195 uidetur,
2463 1109 2628 1194 quod
2675 1109 2846 1176 Vah-

391 1226 573 1294 lenus
619 1246 860 1294 mecum
911 1224 1423 1308 communicauit,
1472 1224 1768 1290 Ouidium
1818 1225 2121 1291 Amorum
2171 1225 2279 1310 Ill,
2338 1228 2438 1310 12,
2492 1226 2596 1311 17,
2648 1229 2759 1293 18:

957 1355 1168 1411 auersis
1202 1354 1410 1409 utinam
1448 1355 1756 1425 tetigissem
1794 1357 2037 1421 carmina
2073 1357 2243 1412 Musis

1063 1452 1318 1508 Phoebus
1356 1458 1413 1508 et
1447 1453 1730 1522 inceptum
1770 1454 2113 1510 destituisset
2148 1456 2313 1525 opus!

390 1575 719 1664 scripsisse
766 1574 883 1641 sibi
935 1572 1135 1639 uideri
1181 1593 1319 1640 cum
1358 1574 1662 1640 memoria
1694 1580 1942 1641 teneret
1972 1573 2313 1661 Propertii:
2362 1580 2605 1642 auersis
2638 1579 2846 1643 Music

397 1709 636 1779 cantas,
685 1715 947 1760 auereue
993 1692 1250 1778 Apollo.
1303 1689 1523 1755 ultimo
1570 1690 1705 1756 loco
1755 1690 1896 1774 (IV,
1945 1693 2018 1775 4,
2066 1689 2181 1772 55)
2230 1693 2477 1775 egregie
2526 1692 2845 1760 Vahlenus

388 1816 451 1880 si
486 1834 730 1900 poeces,
778 1809 1025 1894 primus
1072 1825 1291 1872 uersus
1344 1805 1446 1889 (ll,
1497 1807 1603 1889 22,
1653 1807 1766 1889 48)
1818 1806 1974 1871 mihi
2021 1813 2219 1875 restat
2267 1809 2711 1875 emendandus.

570 1933 758 2010 atque
804 1925 1077 2010 primum
1126 1923 1193 1987 in
1241 1922 1453 1988 codice
1500 1921 1557 1986 N
1605 1928 1902 2006 quattuor
1945 1925 2132 1988 unius
2179 1944 2400 1990 uersus
2449 1925 2844 2011 corruptelae

398 2045 705 2125 inessent,
753 2041 808 2105 si
856 2038 1069 2104 Vallae
1116 2039 1275 2105 libro
1324 2059 1541 2105 uerum
1590 2038 2020 2125 praeberetur.
2070 2060 2271 2124 neque
2317 2040 2382 2106 id
2429 2040 2611 2106 facile
2657 2041 2845 2107 intel-

390 2159 627 2242 legitur
673 2155 980 2242 quomodo
1031 2156 1236 2222 scriba
1280 2156 1344 2220 in
1396 2154 1655 2222 uerbum
1708 2156 1871 2240 quod
1916 2162 2012 2223 est
2041 2170 2212 2224 uetat
2241 2158 2534 2224 inciderit
2566 2163 2628 2224 et
2658 2179 2847 2227 sensu

388 2295 637 2343 cassum
687 2279 750 2340 et
792 2273 1023 2339 litteris
1058 2292 1096 2338 a
1119 2285 1309 2360 putat
1348 2271 1686 2339 diuersum.
1738 2278 1957 2339 contra
1990 2274 2044 2339 si
2076 2273 2477 2358 Neapolitani
2511 2274 2841 2340 lectionem

397 2391 813 2477 antiquiorem
873 2389 1218 2473 credimus,
1282 2409 1422 2456 cum
1473 2410 1689 2456 omnes
1746 2391 1811 2455 in
1858 2391 2068 2457 uerbis
2114 2394 2223 2456 ille
2264 2405 2435 2458 uetat
2489 2391 2846 2460 difficilibus

386 2508 710 2575 intellectu
756 2506 1091 2573 haererent
1124 2544 1207 2552 —
1253 2509 1436 2571 illum
1483 2507 1649 2572 enim
1699 2507 2028 2591 deceptum
2080 2511 2423 2574 amatorem
2475 2529 2611 2574 esse
2658 2517 2844 2596 puta-

389 2632 648 2709 uerunt,
708 2661 792 2671 —
852 2623 1150 2689 facillime
1209 2623 1481 2707 aliquem
1541 2624 1608 2688 in
1666 2626 1773 2689 ille
1825 2636 2014 2710 putat
2059 2623 2333 2690 incidere
2380 2645 2636 2693 necesse
2684 2633 2840 2694 erat.

388 2719 637 2825 longius
707 2740 1005 2806 librarius
1063 2739 1358 2806 Pucciani
1429 2739 1660 2806 codicis
1731 2740 1795 2804 in
1856 2740 2243 2806 emendando
2302 2762 2670 2827 progressus
2727 2749 2841 2810 est.

387 2858 654 2943 denique
717 2856 1009 2940 ambigua
1063 2863 1159 2922 est
1200 2856 1496 2938 uulgatae
1544 2855 1714 2921 illius
1762 2856 2048 2931 lectionis
2096 2858 2425 2924 sententia.
2477 2859 2625 2943 quid
2673 2860 2836 2926 enim

385 2973 696 3059 significat
749 2987 936 3062 putat
989 2977 1197 3061 recipi
1250 2997 1431 3060 quem
1486 2996 1618 3039 uon
1667 2977 1921 3040 nouerit
1976 2976 2095 3039 illa
2152 2975 2272 3040 nisi
2327 2989 2521 3063 putat
2569 3001 2839 3065 prorsus

386 3098 671 3182 iqnotum
716 3092 1029 3158 hominem
1074 3092 1153 3156 ab
1187 3114 1259 3156 ea
1289 3094 1512 3177 recipi,
1564 3091 1728 3175 quod
1764 3109 2045 3157 summae
2078 3091 2354 3156 leuitatis
2387 3098 2569 3159 esset.
2643 3093 2838 3161 Lach-

385 3227 655 3276 mannus
701 3187 922 3275 contra
968 3185 1057 3274 sic
1105 3205 1406 3293 explicat:
1452 3220 1640 3295 putat
1680 3210 1888 3295 recipi
1928 3205 2226 3294 aliquem,
2276 3231 2458 3295 quem
2487 3223 2693 3276 tamen
2722 3214 2840 3279 illa

387 3331 640 3395 omnino
697 3350 828 3393 non
878 3329 1063 3391 nouit
1113 3328 1343 3391 nedum
1400 3328 1650 3412 recepit.
1709 3324 1816 3391 sed
1866 3344 1978 3407 ego
2026 3325 2190 3391 hanc
2234 3326 2645 3411 posteriorem
2694 3349 2836 3395 sen-

383 3443 647 3511 tentiam
705 3442 828 3509 nisi
878 3462 916 3507 a
961 3441 1349 3509 balbutiente
1410 3441 1501 3506 sic
1546 3441 1757 3508 uerbis
1805 3440 2153 3506 inuolutam
2205 3444 2405 3526 magis
2453 3465 2639 3529 quam
2688 3466 2837 3531 pro-

384 3561 738 3627 nuntiatam
788 3579 924 3625 esse
971 3578 1152 3642 nego,
1201 3558 1475 3643 priorem
1527 3559 1752 3623 miram
1788 3560 1971 3642 duco,
2021 3558 2183 3641 quod
2218 3560 2427 3625 nescio
2460 3580 2572 3627 cur
2600 3562 2835 3627 infelici

384 3676 480 3743 illi
528 3674 789 3743 amatori
837 3676 1049 3741 statim
1099 3676 1351 3758 ignotus
1396 3674 1504 3740 ille
1551 3674 1772 3740 riualis
1818 3675 1882 3739 in
1933 3676 2210 3740 animum
2253 3676 2499 3743 uenerit
2529 3697 2665 3743 cum
2702 3679 2837 3745 noti

381 3813 510 3859 non
555 3793 765 3859 minus
813 3790 1148 3878 periculosi
1195 3796 1425 3858 essent.

564 3908 789 3995 quibus
845 3909 1052 3974 causis
1109 3913 1457 3974 commotus
1516 3928 1587 3974 eo
1637 3908 1927 3993 perueni,
1989 3912 2061 3974 ut
2107 3899 2261 3973 ‘num
2311 3909 2474 3975 forte
2522 3909 2672 3993 quid
2720 3912 2834 3978 sub

380 4021 783 4113 Neapolitani
831 4024 1043 4091 uerbis
1090 4024 1319 4091 lateret
1365 4024 1777 4111 periclitarer.
1826 4025 2040 4109 itaque
2087 4024 2205 4090 hoc
2248 4025 2373 4091 iam
2425 4027 2775 4112 perpende:

966 4161 1174 4227 quanta
1210 4157 1358 4211 illum
1396 4161 1514 4212 toto
1552 4160 1777 4211 uersant
1813 4156 2048 4228 suspiria
2083 4157 2251 4211 lecto:
2488 4143 2493 4149 ⁹

1072 4253 1166 4310 cur
1199 4256 1376 4327 recipi,
1417 4273 1568 4328 quam
1603 4273 1703 4309 non
1739 4256 1954 4323 nouerit,
1989 4256 2077 4310 ille
2109 4256 2283 4310 uetat?

378 4374 445 4441 i-
468 4394 522 4442 e.
564 4397 680 4441 cur
729 4376 960 4441 riualis
1011 4377 1158 4458 iste,
1221 4378 1337 4461 qui
1389 4398 1525 4441 eam
1575 4376 1914 4462 impediuit
1960 4378 2296 4462 quominus
2341 4377 2609 4456 ueniret,
2666 4387 2854 4441 uetat·

379 4514 521 4559 eam
552 4516 595 4557 a
621 4514 718 4558 me
760 4493 968 4580 recipi
1012 4514 1203 4578 quam
1246 4493 1356 4557 ille
1394 4514 1519 4578 pro
1549 4515 1688 4557 mea
1718 4493 1969 4578 puellae
1989 4493 2449 4577 familiaritate
2477 4514 2556 4557 ne
2583 4495 2835 4557 nouerit

381 4609 680 4695 quidem?
734 4615 850 4675 cur
900 4609 1026 4675 ille
1055 4610 1182 4674 sibi
1222 4601 1506 4695 iqnotdm
1545 4609 1831 4695 puellam
1877 4611 1939 4674 ei
1980 4610 2203 4694 eripit,
2262 4611 2376 4694 qui
2416 4611 2548 4672 iam
2593 4607 2850 4673 dudum

2336 4709 2405 4765 2*
