3428 5235
1469 1108 1991 1202 VITA.

676 1483 903 1538 Carolus
939 1483 1151 1537 Brandt
1187 1486 1351 1537 natus
1388 1498 1510 1536 sum
1549 1497 1600 1536 a.
1627 1481 1681 1537 d.
1709 1482 1786 1535 IV
1821 1483 1946 1536 Kal.
1974 1481 2263 1537 Decembr.
2291 1483 2420 1537 anni
2459 1484 2598 1539 1858
2636 1483 2967 1541 Gustrouiae

499 1582 1081 1651 Megalopolitanorum
1119 1586 1275 1649 patre
1311 1580 1569 1650 Augusto
1607 1585 1784 1634 matre
1821 1581 2081 1650 Augusta
2117 1596 2148 1633 e
2185 1586 2352 1649 gente
2377 1580 2701 1636 Gosseliana
2737 1588 2970 1653 utroque

502 1678 681 1733 adhuc
725 1680 869 1733 uiuo.
942 1677 1053 1732 fide
1098 1679 1345 1733 initiatus
1394 1695 1516 1733 sum
1553 1678 1890 1734 Lutherana.
1965 1695 1999 1732 a
2035 1694 2166 1733 uere
2206 1680 2334 1733 anni
2372 1681 2510 1734 1867
2550 1695 2726 1749 usque
2763 1682 2833 1735 ad
2873 1697 2970 1735 uer

498 1778 625 1831 anni
664 1778 804 1831 1876
853 1776 1074 1832 scholae
1122 1776 1452 1831 cathedralis
1490 1776 1905 1832 Gustrouiensis
1949 1778 2252 1846 discipulus
2288 1777 2395 1847 fui,
2445 1778 2540 1833 ubi
2578 1795 2703 1833 cum
2740 1779 2812 1834 ab
2851 1781 2970 1835 aliis

493 1875 982 1942 praestantissimis
1019 1875 1473 1944 praeceptoribus
1510 1879 1628 1929 tum
1667 1875 1739 1929 ab
1763 1876 1968 1943 Raspio
2006 1875 2278 1929 directore
2313 1875 2460 1929 illius
2497 1875 2718 1931 scholae
2757 1877 2827 1931 ad
2852 1877 2969 1946 phi-

493 1973 734 2043 lologiae
781 1971 1021 2026 studium
1069 1974 1330 2027 incitatus
1369 1989 1510 2027 sum.
1583 1974 1918 2027 maturitatis
1954 1974 2331 2028 testimonium
2371 1973 2607 2041 adeptus
2643 1990 2740 2042 per
2776 1980 2972 2044 quater

494 2088 594 2127 sex
641 2086 859 2126 menses
895 2072 1116 2141 Lipsiae
1160 2071 1361 2125 scholis
1412 2071 1856 2125 doctissimorum
1909 2071 2152 2126 uirorum
2190 2070 2436 2141 interfui,
2485 2072 2709 2126 Arndtii
2746 2074 2970 2127 Braunii

495 2170 672 2225 Curtii
715 2169 1027 2224 Drobischii
1073 2170 1284 2224 Heinsii
1330 2169 1709 2223 Hildebrandii
1760 2170 1986 2223 Hirzelii
2023 2168 2441 2224 Hiibschmanni
2476 2170 2538 2224 L.
2563 2170 2764 2238 Langii
2802 2170 2969 2224 Ouer-

498 2268 680 2323 beckii
728 2266 979 2322 Ribeckii
1021 2268 1305 2322 Ritschelii
1345 2267 1586 2337 Seydelii
1623 2267 1875 2336 Zarnkii‚
1929 2272 1986 2321 et
2031 2268 2088 2321 in
2135 2269 2427 2322 seminario
2465 2268 2638 2335 Regio
2686 2267 2971 2322 theodisco

498 2366 725 2420 Braunii
783 2366 1130 2421 institutione
1175 2381 1275 2434 per
1323 2365 1411 2420 bis
1461 2382 1560 2420 sex
1606 2381 1824 2420 menses
1868 2365 2081 2420 fructus
2126 2382 2267 2422 sum.
2342 2366 2541 2420 deinde
2586 2367 2828 2420 Berolini
2871 2380 2972 2435 per

501 2463 788 2532 quinquies
825 2480 923 2519 sex
951 2479 1170 2518 menses
1196 2464 1442 2519 Curtium
1469 2463 1816 2532 Droysenum
1844 2463 2199 2519 Huebnerum
2226 2462 2655 2518 Miillenhoffium
2682 2463 2752 2518 A.
2777 2463 2970 2517 Kirch-

500 2559 724 2616 hoffium
778 2561 1111 2616 Paulsenum
1171 2563 1214 2616 1.
1253 2561 1619 2617 Schmidtium
1665 2562 2074 2617 Treitschkium
2124 2562 2437 2647 yahlenum
2487 2560 2969 2616 Wattenbachium

498 2660 702 2716 audiui.
757 2661 1182 2716 exercitationes
1219 2661 1332 2716 adii
1368 2659 1691 2716 Kirchhoffii
1728 2660 2117 2716 Muellenhoffii
2154 2660 2390 2715 Vahleni
2426 2660 2634 2715 Zelleri.
2691 2660 2970 2713 seminarii

495 2758 656 2827 Regii
689 2757 1007 2828 philologici
1043 2759 1248 2814 sodalis
1286 2760 1595 2814 ordinarius
1631 2775 1732 2829 per
1767 2764 1852 2814 ter
1886 2776 1985 2815 sex
2020 2775 2240 2815 menses
2273 2758 2369 2813 fui.
2429 2758 2682 2816 omnibus
2708 2758 2793 2813 his
2819 2759 2968 2826 uiris,

495 2857 761 2926 imprimis
785 2855 1124 2912 Kirchhoffio
1163 2864 1221 2912 et
1245 2858 1494 2913 Vahleno
1530 2857 1985 2928 praeceptoribus
2011 2858 2143 2912 mihi
2169 2857 2704 2913 beneuolentissimis
2730 2856 2967 2910 dilectis-

496 2955 777 3024 simisque‚
816 2956 1025 3023 gratias
1062 2970 1169 3025 ago
1207 2956 1645 3012 candidissimas.
