3428 5235
1708 318 1797 385 32

1718 585 1782 651 6.

706 752 846 799 cum
894 731 1090 814 igitur
1138 728 1421 795 carmina
1454 714 1581 794 24.
1607 728 1694 793 25
1740 731 1886 813 post
1930 745 2019 794 cc.
2053 727 2114 792 4.
2163 727 2206 793 5
2251 727 2294 791 i.
2329 747 2382 793 e.
2414 709 2560 812 post
2605 717 2975 792 autumnum

531 850 684 932 anni
737 850 863 915 732
899 847 1138 933 scripta
1169 846 1316 929 sint,
1367 849 1437 910 ut
1469 849 1533 911 et
1563 843 1859 910 oriendae
1891 848 1954 909 et
1984 842 2354 910 crescendae
2387 842 2698 909 simultati·
2726 829 2979 930 tempus

525 967 777 1052 aliquod
823 964 1067 1047 demus,
1115 982 1391 1028 amorem
1438 960 1561 1026 fine
1609 961 1756 1026 anni
1808 961 1936 1026 732
1984 959 2244 1026 desiisse
2288 980 2542 1026 necesse
2577 964 2689 1025 est.
2738 960 2977 1046 itaque,

525 1084 690 1169 quod
722 1104 801 1149 ex
832 1082 1037 1168 primo
1071 1079 1481 1165 quinquennii
1511 1077 1681 1172 illius
1717 1098 1878 1143 anno
1911 1078 2196 1172 carmina
2219 1076 2528 1142 amatoria
2549 1097 2674 1143 non
2702 1083 2979 1163 exstant,

521 1202 730 1288 prima
777 1198 966 1285 primi
1012 1197 1159 1284 libri
1205 1196 1405 1286 elegia
1452 1200 1722 1261 exeunte
1771 1215 1931 1261 anno
1985 1195 2112 1259 728
2159 1194 2262 1260 uel
2292 1194 2546 1290 ineunte
2581 1194 2706 1259 729
2740 1194 2983 1281 scripta

523 1325 620 1386 est
677 1324 741 1384 et
791 1321 921 1383 tres
966 1310 1222 1401 ¹priores
1279 1312 1424 1380 libri
1483 1312 1649 1404 inter
1708 1309 1896 1377 finem
1957 1310 2104 1376 anni
2164 1312 2292 1377 728
2341 1315 2404 1375 et
2450 1311 2598 1375 anni
2636 1311 2776 1377 v732
2826 1310 2979 1377 editi

524 1440 691 1503 sunt.
756 1439 947 1518 atque
994 1431 1217 1497 tertius
1257 1434 1335 1495 ¹ut
1382 1428 1619 1495 dictum
1667 1432 1764 1493 est
1811 1428 1938 1522 fere
1972 1431 2239 1522 exeunte
2271 1446 2435 1493 anno
2470 1428 2621 1511 732,
2669 1427 2976 1494 secundus

524 1553 590 1618 ni
659 1550 845 1616 fallor
913 1550 1045 1615 fere
1116 1552 1384 1613 exeunte
1453 1566 1509 1611 a.
1572 1547 1720 1611 730.
1793 1565 1941 1610 nam
1998 1552 2161 1610 anno
2224 1545 2351 1611 731
2409 1564 2661 1611 carmen
2722 1543 2840 1630 ΙΙΙ,
2894 1546 2980 1612 18

524 1649 923 1735 tribuendum
974 1670 1091 1748 est,
1138 1684 1389 1730 carmen
1437 1661 1543 1746 ΙΙΙ,
1598 1663 1679 1728 15
1725 1667 1984 1747 propter
2029 1682 2282 1727 uersum
2336 1639 2426 1727 ’ἶς’

956 1803 1337 1868 tertiushaud
1372 1804 1543 1858 multo
1581 1802 1763 1858 minus
1801 1805 1891 1858 est
1925 1818 2048 1857 cum
2088 1802 2305 1859 ducitur
2343 1817 2537 1857 annus,

520 1942 653 2007 fere
700 1936 954 2005 exeunti
1006 1954 1168 2001 anno
1217 1933 1450 1999 amoris
1498 1932 1684 1998 tertio
1733 1932 1774 1998 i.
1811 1952 1865 1998 e.
1897 1932 2030 1998 fere
2076 1933 2328 1999 exeunti
2365 1952 2527 1998 anno
2566 1932 2712 1998 730.
2761 1931 2976 2018 itaque

521 2060 667 2123 ante
720 2054 839 2120 hoc
893 2057 1143 2138 tempus
1200 2050 1510 2116 secundus
1535 2099 1538 2100 ν
1564 2048 1726 2114 liber
1781 2048 1998 2114 Ianum
2057 2050 2324 2134 aspexit.
2387 2048 2654 2134 denique
2700 2050 2975 2134 primum

519 2173 750 2240 librum
815 2168 956 2255 plus
1016 2187 1203 2253 quam
1259 2171 1502 2251 septem
1563 2165 1884 2231 mensibus
1943 2170 2090 2230 ante
2137 2165 2395 2232 secundi
2440 2164 2588 2231 libri
2636 2165 2976 2231 editionem

517 2291 585 2356 in
630 2287 833 2354 lucem
881 2285 1131 2351 uenisse
1178 2290 1438 2369 propter
1483 2303 1544 2348 u.
1581 2281 1657 2366 ΙΙ,
1708 2283 1817 2365 20,
1866 2285 1972 2348 21.
2022 2283 2140 2347 22:

1052 2424 1288 2494 septima
1323 2423 1431 2477 iam
1469 2421 1666 2492 plenae
1704 2420 1996 2476 deducitur
2032 2420 2211 2476 orbita
2246 2421 2425 2492 lunae,

1158 2537 1281 2577 cum
1322 2520 1391 2575 de
1428 2535 1516 2575 me
1554 2524 1611 2575 et
1648 2519 1718 2574 de
1754 2524 1812 2574 te
1851 2520 2092 2591 compita
2129 2520 2278 2575 nulla
2312 2524 2515 2574 tacent.

519 2620 774 2668 necesse
821 2602 935 2665 est.

1713 2802 1776 2867 7.

699 2949 923 3034 quibus
969 2967 1110 3013 cum
1160 2945 1507 3012 rationibus
1555 2966 1629 3011 ea
1677 2965 1835 3030 quae
1880 2948 2210 3031 praeterea
2256 2949 2425 3011 certo
2467 2945 2544 3012 de
2576 2946 2970 3031 quarundam

520 3066 860 3149 elegiarum
932 3070 1217 3150 tempore
1284 3063 1516 3157 scimus
1586 3068 1695 3128 aut
1761 3082 2155 3148 nequaquam
2227 3068 2508 3147 pugnant
2571 3070 2681 3129 aut
2734 3063 2973 3150 optime

518 3183 917 3251 conueniunt.

699 3319 847 3364 nam
903 3317 1154 3363 carmen
1212 3295 1302 3380 ΙΙ,
1363 3298 1469 3362 31.
1531 3316 1586 3362 a.
1631 3296 1692 3361 d.
1727 3294 1871 3361 VIII
1916 3295 2002 3360 id.
2037 3295 2254 3362 Octob.
2291 3297 2440 3360 anni
2491 3296 2617 3363 726
2664 3297 2967 3383 scriptum

517 3416 597 3507 in<
650 3417 925 3502 primum
997 3412 1230 3480 librum
1293 3412 1411 3478 soli
1471 3413 1672 3478 amori
1733 3413 2113 3479 destinatum
2173 3417 2360 3499 poeta
2406 3413 2689 3498 recipere
2746 3414 2965 3480 noluit.

518 3533 641 3598 duo
688 3532 854 3597 enim
904 3535 1145 3596 tantum
1198 3530 1480 3596 carmina
1524 3530 1714 3616 primi
1762 3530 1908 3596 libri
1954 3550 2078 3596 non
2121 3535 2270 3595 sunt
2300 3531 2629 3614 amatoria,
2676 3531 2964 3597 ultimum

518 3654 581 3714 et
634 3646 1114 3733 paenultimum.
1183 3647 1292 3712 sed
1350 3646 1504 3712 illud
1563 3642 1740 3712 more
1796 3653 2079 3713 ueterum
2133 3646 2555 3713 Romanorum
2615 3647 2832 3714 lectori
2891 3648 2969 3714 de

516 3766 656 3851 ipso
705 3769 892 3850 poeta
941 3767 1177 3848 narrat,
1227 3765 1344 3829 hoc
1392 3764 1470 3829 ad
1518 3762 1927 3830 illustrandos
1977 3784 2196 3829 uersus
2229 3764 2276 3848 Ι,
2325 3767 2432 3848 22,
2475 3765 2648 3831 6-8
2682 3764 2962 3830 additum

515 3880 785 3970 uidetur.

525 4000 540 4004 ”
693 4018 896 4084 neque
940 3998 1148 4062 minus
1197 4017 1339 4063 cum
1388 3996 1485 4062 his
1534 3997 1828 4062 conuenit
1873 3997 2036 4082 quod
2086 3997 2162 4062 de
2208 3997 2486 4063 carmine
2533 3996 2704 4080 11‚10
2751 3996 2965 4084 explo-

514 4111 721 4180 ratum
779 4119 893 4180 est.
955 4133 1098 4179 nam
1147 4135 1208 4179 u.
1260 4115 1341 4178 16
1390 4113 1468 4178 ad
1515 4113 1685 4179 Aelii
1734 4111 1897 4179 Galli
1955 4114 2413 4200 expeditionem
2465 4113 2801 4181 Arabicam
2867 4134 2965 4181 re-

516 4231 702 4317 spicit
747 4231 854 4315 qui
900 4235 971 4296 ut
1017 4251 1095 4295 ex
1144 4229 1450 4295 Strabone
1490 4228 1659 4314 XVI,
1702 4232 1766 4314 4,
1801 4231 1886 4298 29
1920 4251 2078 4315 sqq.‚
2127 4230 2330 4296 Dione
2360 4228 2523 4313 LIII,
2558 4232 2668 4314 29,
2700 4230 2969 4317 Ιοεθρὶιο

513 4347 771 4432 Antiqq.
809 4346 984 4411 Iudd.
1016 4345 1154 4430 XV,
1189 4350 1251 4430 9,
1295 4351 1317 4411 1
1362 4367 1497 4432 sqq.
1545 4347 1900 4413 necessario
1948 4347 2264 4430 colligitur
2298 4345 2434 4427 (cfr.
2470 4345 2759 4414 Momms.
2794 4349 2958 4414 Mon.

510 4462 747 4548 Ancyr.
788 4483 851 4549 p.
898 4464 981 4529 74
1023 4463 1144 4548 sq.)
1206 4468 1443 4529 aestate
1498 4463 1650 4529 anni
1700 4465 1828 4530 729
1884 4463 2283 4549 Cleopatride
2329 4461 2759 4530 Leucocomen
2819 4485 2962 4550 pro-

510 4579 712 4646 fectus
766 4580 896 4644 fere
957 4599 1119 4645 nono
1178 4579 1278 4646 uel
1326 4579 1569 4646 decimo
1616 4581 1766 4646 anni
1816 4581 1945 4647 730
1991 4600 2204 4647 mense
2251 4578 2704 4646 Alexandriam
2753 4579 2959 4647 rediit.

837 4862 952 4939 „ff
1041 4856 1190 4947 Ἃ,
