3428 5235
1774 327 1857 391 18

957 512 1104 554 nunc
1140 501 1327 553 tamen
1364 495 1658 568 (immerito
1671 498 1708 565 i)
1748 498 2014 568 Phrygias
2049 503 2207 568 potes
2244 499 2324 554 ire
2360 513 2458 569 per
2494 499 2674 555 undas
2726 507 2731 510 *

1059 601 1117 651 et
1152 600 1339 666 petere
1376 596 1618 666 Hyrcani
1654 596 2026 652 littora-nota·
2049 597 2214 652 maris

951 709 1211 765 spargere
1248 699 1305 749 et
1345 695 1557 749 alterna
1593 708 1911 749 communes
1949 694 2119 749 caede
2156 695 2390 749 Penates

1061 797 1119 848 et
1154 791 1296 847 ferre
1333 793 1403 847 ad
1441 793 1648 862 patrios
1684 793 1929 863 praemia
1966 792 2086 847 dira
2122 793 2330 849 Lares?

588 925 630 990 i.
665 945 720 990 e.
767 942 935 988 nunc
992 943 1370 1008 quamquam
1429 928 1490 988 te
1548 928 1673 988 tam
1739 921 1965 989 blande
2015 922 2220 992 allicio
2285 927 2356 987 tu
2418 928 2631 988 tamen
2693 918 3039 1006 (immerito

587 1041 705 1106 hoc
746 1041 978 1126 patior)
1029 1059 1066 1104 a
1110 1043 1175 1104 te
1220 1040 1562 1123 impetrare
1610 1044 1789 1123 potes
1837 1043 1908 1104 ut
1953 1037 2260 1124 Phrygias
2309 1058 2416 1105 eas
2447 1058 2577 1124 per
2623 1038 2859 1104 undas?
2901 1038 3025 1103 iam

589 1175 891 1239 agnosces
940 1156 1069 1220 stili
1117 1154 1307 1220 robur
1354 1155 1518 1239 quod
1567 1159 1630 1221 et
1675 1156 1842 1221 hunc
1885 1155 2089 1221 locum
2141 1162 2206 1222 et
2250 1137 2450 1232 totum
2501 1173 2755 1220 carmen
2803 1154 2986 1220 decet.

659 1295 764 1366 111,
804 1297 852 1366 1,
889 1296 975 1349 23.
1050 1295 1233 1350 omnia
1268 1299 1396 1364 post
1431 1294 1641 1350 obitum
1678 1294 1838 1365 fingit
1876 1296 2081 1350 maiora
2116 1300 2395 1351 uetustas:

1156 1394 1333 1449 maius
1370 1393 1440 1449 ab
1478 1395 1725 1463 exequiis
1762 1409 1958 1449 nomen
1998 1395 2052 1448 in
2090 1410 2188 1449 ora
2224 1394 2391 1449 uenit.

590 1521 681 1587 sic
714 1520 788 1604 G,
822 1521 909 1586 N:
938 1523 1169 1607 famae
1196 1536 1344 1609 post
1369 1559 1449 1567 -
1475 1536 1774 1603 uetustae,
1811 1525 1974 1607 quod
2010 1542 2148 1587 cum
2185 1543 2261 1588 ex
2295 1520 2682 1605 Groningani
2716 1522 2932 1586 omnia
2957 1553 3050 1563 —-

587 1651 863 1704 uetustas
907 1639 1056 1703 oriri
1101 1658 1223 1703 non
1257 1639 1549 1722 potuerit,
1601 1659 1635 1703 a
1668 1638 2083 1723 Neapolitano
2117 1640 2326 1723 potius
2359 1636 2878 1724 proficiscendum
2919 1640 3053 1702 est:

1160 1777 1340 1832 famae
1376 1783 1502 1848 post
1538 1777 1745 1833 obitum
1784 1777 1943 1847 fingit
1981 1779 2188 1835 maiora
2224 1784 2500 1836 uetustas:

1230 1877 1406 1931 maius
1444 1874 1514 1931 ab
1551 1876 1799 1946 exequiis
1835 1891 2034 1933 nomen
2071 1876 2127 1932 in
2164 1892 2262 1933 ora
2298 1877 2466 1933 uenit.

590 2021 866 2075 uetustas
913 2010 1173 2092 propter
1199 2007 1429 2091 famae
1474 2006 1752 2072 ineuntis
1799 2027 2020 2073 uersus
2068 2011 2435 2091 corruptum
2483 2009 2621 2072 est.'

1792 2273 1853 2337 2.

768 2406 982 2500 Etiam
1031 2410 1213 2498 uetus
1260 2405 1315 2471 is
1346 2402 1762 2470 Bernhardini
1796 2375 2016 2473 'Vallae
2055 2407 2251 2501 codex
2284 2408 2591 2495 minorem
2625 2406 3051 2496 Neapolitano

596 2525 1034 2592 auctoritatem
1084 2521 1289 2589 habet.
1350 2522 1513 2616 quod
1575 2543 1956 2609 quamquam
2004 2545 2040 2589 a
2086 2522 2290 2591 Keilio
2350 2530 2414 2590 et
2458 2523 2735 2610 Luciano
2783 2523 3055 2591 Miillero

595 2641 981 2708 intellectum
1018 2645 1133 2724 est,
1181 2647 1393 2706 tamen
1429 2661 1625 2725 usque
1659 2640 1737 2706 ad
1772 2642 2119 2707 nouissima
2149 2647 2438 2728 tempora
2470 2647 2764 2726 quattuor
2792 2641 3049 2708 illarum

594 2759 1103 2825 membranarum
1152 2755 1452 2822 lectiones
1501 2756 1878 2823 editionibus
1926 2756 2306 2822 ferebantur.

665 2898 735 2968 11,
774 2899 862 2969 22,
897 2897 983 2952 48.
1058 2895 1275 2962 Quanta
1311 2897 1460 2951 illum
1499 2901 1616 2951 toto
1654 2902 1878 2951 uersant
1913 2896 2149 2977 suspiria
2184 2897 2345 2966 lecto,

1164 3010 1288 3049 cum
1328 2995 1516 3064 recipi,
1554 3009 1716 3063 quem
1758 3009 1866 3050 non
1904 2995 2120 3050 nouerit
2144 2994 2262 3065 illa,
2301 2998 2478 3064 putat.

595 3125 703 3192 ubi
748 3123 835 3189 N:
892 3147 1005 3189 cur
1058 3126 1265 3210 recipi
1316 3148 1478 3211 quae
1532 3148 1662 3191 non
1714 3128 1967 3193 nouerit
2010 3125 2121 3192 ilie
2163 3137 2351 3191 uetat.
2424 3127 2487 3190 et
2533 3121 2618 3191 G:
2691 3150 2806 3193 cur
2849 3128 3054 3213 recipi
3134 3169 3143 3175 -

600 3265 783 3329 quem
825 3264 956 3335 ‘non
1001 3243 1251 3305 nouerit
1294 3242 1400 3306 ille
1442 3254 1645 3328 putat.

778 3356 899 3440 ΙΙΙ,
955 3358 1029 3440 7,
1095 3357 1180 3421 22
1238 3357 1346 3423 ubi
1403 3356 1591 3423 Pucci
1647 3357 1865 3431 codex¹
1899 3361 2196 3444 arqirmi,
2249 3357 2303 3422 N
2362 3359 2616 3447 winoci,
2672 3352 2725 3420 G
2782 3355 3048 3443 aminis,

601 3474 794 3542 editio
841 3472 1170 3555 Regiensis
1217 3477 1533 3561 arqiuum.

783 3608 885 3692 IV,
938 3609 999 3693 1,
1049 3607 1153 3672 73.
1247 3614 1456 3668 auersis
1492 3613 1665 3667 musis
1703 3617 1913 3682 cantas,
1951 3627 2178 3668 auersus
2216 3613 2414 3684 apollo,

603 3734 711 3800 ubi
756 3732 839 3798 N:
896 3734 1164 3798 accersis
1213 3733 1510 3796 lacoimas
1556 3743 1793 3795 cantas.
1848 3767 1932 3776 —

781 3867 889 3949 IV,
934 3867 1000 3950 4,
1049 3865 1154 3932 55.
1249 3870 1297 3926 si
1335 3870 1531 3925 coniux
1570 3869 1853 3938 pariamue
1890 3872 1985 3923 tua
2021 3867 2213 3938 regina
2249 3866 2351 3923 sub
2391 3869 2533 3938 aula,

607 3993 715 4059 ubi
763 3991 848 4058 Nx
895 3995 988 4058 sic
1033 3991 1275 4077 hospes.

683 4130 686 4133 ’
788 4125 986 4191 altero
1043 4123 1180 4189 loco
1229 4121 1370 4206 (ΙΙΙ,
1419 4125 1482 4207 7,
1532 4122 1645 4204 22)
1703 4120 1998 4189 librarius
2052 4120 2284 4188 codicis
2331 4119 2549 4187 Vallae
2604 4120 2847 4190 scribae
2890 4122 3056 4189 Nea-

609 4241 876 4330 politani
932 4241 1177 4326 lapsum
1234 4238 1461 4306 calami
1508 4238 1796 4325 euitauit,
1845 4239 2030 4305 tertio
2078 4237 2218 4323 (IV,
2272 4239 2337 4322 1,
2387 4238 2497 4320 73)
2548 4240 2717 4305 recte
2763 4238 2830 4304 ni
2873 4237 3060 4306 fallor

611 4359 815 4427 editor
860 4357 1264 4443 nuperrimus
1312 4361 1581 4423 accersis
1629 4358 1928 4422 lacrimas
1976 4360 2258 4423 cantans.
2306 4359 2378 4419 ut
2423 4354 2590 4420 enim
2624 4356 2809 4419 u.w74
2838 4370 3071 4437 magus

610 4475 719 4543 ille
764 4474 943 4541 dicit:
983 4477 1198 4563 poscis
1243 4497 1372 4540 non
1417 4486 1487 4540 ut
1533 4475 1652 4540 tibi
1692 4475 1935 4539 uideris
1969 4473 2320 4561 praeclara
2365 4484 2424 4538 et
2469 4471 2796 4536 laudanda
2839 4471 3059 4555 uerba,

612 4594 723 4660 sed
775 4592 950 4657 mala
1003 4604 1062 4658 et
1113 4594 1416 4679 piqenda,
1467 4590 1558 4658 sic
1604 4611 1662 4656 u.
1702 4590 1820 4657 73:
1876 4612 2005 4657 non
2046 4590 2353 4677 qlor'iam,
2415 4589 2526 4654 sed
2571 4588 2870 4655 lacm’mas
2915 4584 3071 4655 can?
