3428 5235
1644 356 1721 419 11

443 539 580 606 illa.
682 556 831 603 nam
882 535 1163 621 profecto
1211 538 1535 620 peccatum
1588 537 1727 599 erat
1771 532 1939 598 haud
1979 531 2276 616 exiguum
2324 552 2463 598 cum
2507 530 2691 615 uagis
2729 529 2904 598 illam

444 673 836 741 comparare.
931 651 1140 738 Atque
1186 646 1343 717 illud
1389 651 1510 717 tibi
1555 655 1699 736 post
1747 649 2152 735 parenthesin
2199 649 2474 734 positum
2525 666 2903 735 quamquam

448 772 629 857 quasi
685 775 950 855 utroque
1007 768 1165 854 pede
1220 767 1574 833 claudicare
1629 767 1948 833 uidebitur
2005 773 2219 833 tamen
2288 786 2409 832 non
2471 765 2770 832 'abhorret
2826 766 2903 832 ab

444 909 566 957 usu
614 878 941 976 poetarum
990 886 1353 953 latinorum.
1430 905 1578 951 nam
1627 886 1813 972 plane
1861 886 2180 969 geminum
2227 906 2307 952 ne
2354 884 2556 952 dicam
2606 880 2903 948 audacius

445 1005 563 1074 hoc
610 1010 708 1072 est
751 1003 1070 1091 Propertii
1118 1002 1224 1087 IV,
1258 1004 1339 1097 Ἴ4,
1389 1004 1500 1068 74:

1054 1142 1178 1199 urbi
1214 1141 1392 1198 festus
1429 1147 1551 1197 erat
1588 1143 1801 1208 (dixere
1838 1142 2039 1197 Parilia
2073 1145 2288 1212 patres:

1053 1239 1142 1296 hic
1178 1241 1387 1311 primus
1425 1241 1606 1312 coepit
1632 1240 1930 1329 ⁸moenibus
1967 1243 2112 1309 esse)
2153 1240 2288 1295 dies.

455 1371 532 1438 de
579 1369 890 1437 similibus
937 1371 1078 1437 aliis
1127 1370 1437 1456 exemplis
1483 1370 1649 1436 infra
1696 1371 1998 1455 dicemus,
2048 1372 2103 1436 si
2148 1370 2227 1436 de
2272 1373 2460 1457 aquis
2506 1367 2613 1452 111,
2668 1370 2770 1452 14,
2825 1368 2906 1434 14

451 1492 517 1554 et
559 1511 855 1554 cacumen
886 1485 1113 1553 Catuli.
1196 1488 1305 1571 64,
1355 1489 1486 1553 240
1518 1487 2005 1572 disputabimus.
2081 1488 2213 1553 iam
2262 1487 2362 1552 hic
2409 1488 2505 1552 est
2535 1503 2904 1570 progressus

453 1604 936 1670 sententiarum:
1009 1622 1087 1670 ne
1134 1604 1313 1685 uagis
1373 1623 1511 1670 eam
1572 1603 1858 1670 conferas
1917 1609 1981 1670 et
2034 1610 2105 1669 ut
2149 1623 2376 1685 uagam
2424 1608 2718 1688 tempteS,
2779 1623 2906 1669 non

450 1719 577 1786 illis
625 1719 850 1787 similis
898 1725 1012 1787 est.
1106 1720 1215 1787 sed
1274 1721 1329 1786 si
1376 1720 1629 1787 tandem
1688 1725 1949 1786 exorata
2007 1722 2128 1786 erit
2176 1726 2243 1785 ut
2288 1739 2414 1785 non
2461 1719 2778 1786 contraria
2823 1719 2908 1785 sit

450 1836 616 1902 uotis
662 1836 815 1921 tuis,
864 1842 929 1903 at
976 1835 1091 1903 tibi
1137 1856 1429 1902 curarum
1478 1838 1655 1903 milia
1701 1847 1938 1923 quanta
1985 1837 2191 1903 dabit!
2264 1838 2330 1901 in
2378 1836 2602 1920 quibus
2642 1855 2784 1902 cum
2816 1835 2907 1901 nil

451 1953 608 2019 insit
653 1953 819 2037 quod
864 1954 1322 2039 uituperemus,
1388 1954 1444 2020 si
1497 1954 1727 2037 legeris
1774 1954 1838 2019 id
1897 1953 2062 2038 quod
2112 1952 2536 2020 Baehrensius
2585 1970 2664 2017 ex
2709 1951 2808 2017 sui
2854 1951 2906 2018 Ο

438 2071 622 2156 forte
663 2072 802 2135 ruis
850 2070 1091 2136 elicuit:

995 2211 1146 2282 quod
1182 2211 1229 2267 si
1266 2209 1503 2266 fortunis
1539 2226 1649 2266 non
1686 2215 1776 2266 est
1811 2212 2086 2267 contraria
2123 2211 2339 2281 uestris,

454 2358 580 2405 non
626 2340 863 2424 poteris
910 2341 1062 2425 quin
1109 2341 1226 2407 hoc
1272 2340 1349 2407 de
1381 2339 1653 2427 Cynthia
1697 2341 1924 2426 puellis
1971 2341 2150 2423 uagis
2193 2345 2257 2406 et
2287 2346 2612 2425 quaestum
2647 2360 2910 2426 corpore

360 2549 366 2553 ἢ
450 2456 827 2523 facientibus
885 2458 1176 2523 dissimili
1223 2457 1477 2524 concedi
1526 2477 1710 2543 posse
1760 2477 1971 2540 neges.
2063 2458 2276 2540 itaque
2324 2457 2493 2522 illius
2541 2455 2593 2521 Ο
2640 2458 2911 2542 scriptor
2959 2458 2962 2461 ’

459 2572 686 2639 calami
730 2572 916 2659 lapsu
963 2574 1330 2660 saepissime
1377 2574 1563 2641 obuio
1609 2575 1817 2640 uirum
1868 2574 2301 2641 doctissimum
2349 2572 2787 2640 circumduxit.

530 2723 626 2793 111,
668 2724 753 2794 15,
791 2725 858 2780 31
887 2739 1005 2794 sqq.
1066 2740 1132 2780 ac
1167 2725 1341 2780 ueluti
1380 2738 1607 2792 magnos
1645 2738 1769 2778 cum
1809 2729 2022 2794 ponunt
2058 2738 2300 2793 aequora
2336 2728 2536 2793 motus,

1166 2824 1347 2878 Eurus
1382 2822 1477 2877 ubi
1515 2822 1752 2878 aduerso
1791 2821 1992 2877 desinit
2028 2822 2106 2877 ire
2142 2823 2305 2891 Noto,

1058 2922 1241 2976 littore
1277 2921 1324 2976 si
1361 2921 1529 2976 tacito
1567 2922 1782 2976 sonitus
1818 2922 2046 2977 rarescit
2081 2935 2306 2976 arenae:

1165 3019 1245 3073 sic
1281 3017 1430 3074 cadit
1465 3018 1665 3073 inflexo
1702 3019 1857 3089 lapsa
1892 3013 2074 3088 puella
2105 3033 2269 3087 genu.

1058 3130 1197 3187 sera,
1235 3121 1423 3172 tamen
1458 3116 1663 3184 pietas:
1702 3116 1848 3170 natis
1884 3121 1970 3170 est
2006 3115 2261 3185 cognitus
2299 3130 2465 3172 error.

1168 3212 1333 3283 digne
1371 3214 1523 3268 Iovis
1561 3218 1723 3268 natos
1760 3214 1853 3283 qui
1891 3218 2080 3269 tueare
2118 3228 2304 3281 senex,

1057 3316 1117 3365 tu
1155 3311 1338 3366 reddis
1373 3311 1559 3382 pueris
1599 3316 1827 3367 matrem
1868 3342 1935 3353 ·—-

635 3467 760 3514 non
808 3467 1064 3533 possum
1116 3449 1265 3534 quin
1309 3449 1428 3517 hoc
1474 3450 1609 3514 loco
1659 3470 1693 3514 a
1744 3450 2295 3533 sagacissimorum
2346 3455 2407 3517 et
2441 3449 2907 3533 elegantissimo

369 3630 379 3638 ‚
455 3562 684 3628 iudicio
731 3564 1159 3649 praeditorum
1218 3566 1499 3631 uirorum
1557 3566 1868 3632 sententia
1922 3565 2240 3650 recedam,
2301 3567 2407 3651 qui
2466 3570 2640 3632 cadit
2682 3570 2907 3652 inflexo

459 3681 642 3769 lapsa
711 3683 938 3769 puella
1011 3704 1178 3769 yenu
1243 3683 1487 3747 uncinis
1553 3681 2001 3768 parentheticis
2068 3680 2413 3747 includunt.
2531 3682 2909 3767 Amphionis

458 3796 622 3862 enim
655 3795 959 3880 Zethique
1007 3818 1208 3864 seram
1260 3799 1558 3885 pietatem
1607 3798 1735 3864 ullo
1778 3804 1962 3885 pacto
1996 3819 2134 3864 cum
2173 3799 2547 3884 aequoribus
2581 3799 2906 3884 paullatim

457 3911 876 3979 residentibus
916 3913 1184 3980 conferri
1232 3935 1416 3999 posse
1450 3935 1627 3997 nego.
1722 3935 1868 3981 nam
1904 3920 2167 3980 matrem
2204 3935 2239 3979 a
2273 3915 2535 3981 stabulis
2569 3915 2911 3998 abegerunt

440 4047 583 4093 ‘non
613 4030 710 4094 ira
741 4031 1061 4114 commoti,
1107 4029 1234 4098 non
1267 4031 1459 4097 animi
1494 4029 1718 4097 affectu
1750 4031 1902 4117 ullo,
1950 4031 2059 4097 sed
2090 4032 2240 4116 quia
2271 4050 2407 4097 eam
2441 4032 2908 4113 ignorauerant.

457 4146 566 4212 sed
623 4151 960 4233 postquam
1016 4152 1232 4234 pastor
1284 4148 1393 4214 ille
1439 4152 1706 4215 matrem
1754 4148 1967 4234 pueris
2016 4147 2289 4214 reddidit
2334 4148 2470 4229 (37)
2519 4149 2561 4213 i.
2595 4168 2649 4214 e.
2696 4150 2909 4215 nescio

456 4282 581 4348 qua
641 4262 873 4330 tabella
945 4263 1113 4351 apud
1182 4284 1410 4351 pueros
1469 4265 1875 4351 expositicios
1934 4265 2192 4331 inuenta
2245 4262 2679 4349 α’ναγνώρισιν
2732 4264 2906 4331 illam

457 4378 682 4465 effecit,
706 4382 944 4477 ‘statim
996 4402 1133 4448 eam
1181 4387 1555 4468 receperunt
1600 4387 1664 4449 et
1708 4382 1940 4449 Dircen
1988 4402 2191 4469 poena
2236 4381 2643 4448 celeberrima
2689 4380 2909 4449 affece-

456 4501 625 4562 runt.
694 4505 914 4564 contra
959 4519 1217 4584 prorsus
1263 4500 1510 4582 egregie
1553 4500 1617 4564 in
1666 4499 1984 4585 Antiopae
2028 4499 2237 4564 animo
2283 4497 2521 4564 Eurum
2572 4503 2636 4564 et
2675 4497 2907 4565 Notum

456 4612 819 4699 depugnare
851 4614 1224 4702 diciaepotuit.
1274 4617 1370 4682 ira
1396 4615 1674 4699 abactae,
1708 4615 1995 4682 sublimis
2018 4615 2185 4699 regis
2209 4613 2375 4680 filiae
2397 4618 2461 4681 et
2481 4613 2649 4680 Iouis
2673 4619 2910 4699 nuptae
