3428 5235
1689 344 1778 438 :35

508 548 611 615 lex
658 546 766 615 illa
812 546 1147 615 tribuenda
1193 551 1308 630 est,
1357 545 1434 611 ad
1483 566 1668 630 quem
1711 546 1834 612 Dio
1883 548 2211 613 annotauit
2257 568 2323 613 se
2368 553 2628 635 propter
2657 549 2865 632 legum
2900 552 2963 614 et

506 664 813 730 factorum
843 641 857 655 ”
886 663 1014 728 uim
1065 663 1274 728 omnia
1329 681 1589 727 narrare
1643 682 1768 727 non
1826 682 2013 746 posse
2066 663 2109 728 i.
2155 682 2208 728 e.
2253 683 2416 728 anno
2475 667 2510 730 7
2520 667 2600 731 27
2609 716 2627 747 ,
2683 670 2754 730 ut
2807 664 2960 731 illud

509 781 779 848 edictum
830 799 993 844 anno
1026 779 1155 845 728
1205 777 1515 845 sublatum
1564 798 1700 844 esse
1732 777 2054 863 probabile
2087 778 2188 844 sit.
2259 779 2368 844 sed
2402 780 2673 864 primum
2708 800 2831 846 non
2864 781 2961 844 in-

507 897 672 963 iuria
719 895 1011 963 dubitare
1052 895 1206 961 mihi
1253 895 1496 978 uideor,
1545 915 1624 959 an
1674 900 1803 960 tam
1851 905 2140 961 accurate
2190 896 2399 961 omnia
2431 896 2551 962 Dio
2585 896 2960 980 narrauerit,

506 1019 578 1079 ut
621 1013 740 1079 hoc
784 1011 971 1078 modo
1020 1033 1098 1078 ex
1139 1011 1390 1077 silentio
1423 1011 1636 1094 colligi
1671 1017 1905 1096 posset.
1955 1017 2244 1097 praetera
2273 1012 2725 1095 Hertzbergius
2756 1012 2959 1078 locum

505 1130 685 1198 illum
742 1150 866 1196 non
923 1134 1281 1194 truncatum
1331 1127 1689 1193 adscribere
1754 1127 2046 1193 debebat:
2119 1130 2387 1213 ἔπραττε
2433 1132 2541 1210 καὶ
2586 1131 2961 1213 ἐνομοθέτει

507 1247 719 1315 πολλά
774 1246 890 1329 (sc.
926 1244 961 1312 ὁ
1009 1245 1432 1327 Αὔγουστος).
1524 1242 1712 1312 οῦδὲν
1774 1247 1845 1310 δὲ
1891 1248 2121 1330 δέομαι
2166 1251 2322 1312 καθ’
2372 1252 2637 1313 ἕκαστον
2685 1244 2962 1332 ἀκριβῶς

506 1368 850 1444 ἐπεξιέναι,
880 1366 1068 1447 χωρὶς
1090 1363 1127 1448 ἢ
1152 1362 1271 1428 ὅσα
1304 1364 1374 1455 τῇ
1405 1364 1741 1454 συγγραφῇ
1764 1360 2109 1448 πρόσφορά
2133 1364 2283 1428 ἐστι.
2335 1361 2416 1429 τὸ
2441 1364 2502 1427 δ’
2522 1359 2705 1428 αὐτὸ
2735 1365 2959 1429 τοῦτο

506 1485 634 1547 καὶ
666 1483 746 1548 ἕν
785 1492 946 1556 τοῖς
986 1480 1248 1545 ἔπειτα
1291 1484 1711 1563 πραχθεῖσι
1747 1477 2035 1565 ποιήσω
2071 1488 2178 1544 ἵνα
2202 1479 2289 1564 μὴ
2310 1483 2417 1544 καὶ
2443 1481 2525 1545 δι’
2552 1482 2742 1564 ὄχλου
2762 1488 2959 1563 γένω-

505 1626 626 1684 μαι
650 1597 862 1664 πάντα
896 1599 974 1661 τὰ
1005 1597 1269 1661 τοιαῦτα
1301 1597 1697 1681 ἕπεσφέρων,
1731 1596 1774 1659 ἃ
1806 1597 1952 1680 μηδ’
1971 1592 2152 1662 αῧτοὶ
2176 1597 2237 1662 οἳ
2261 1595 2435 1663 πάνυ
2459 1592 2623 1662 αὗτοὶ
2648 1600 2959 1681 μελετῶν-

505 1741 604 1790 τες
650 1711 1000 1798 ἂκριβοῦσι.
1069 1712 1264 1777 uerba
1309 1712 1579 1778 diductis
1612 1711 1813 1777 literis
1847 1717 2064 1778 notata
2094 1711 2546 1795 Hertzbergius
2581 1715 2795 1779 omisit
2827 1714 2961 1780 siue

507 1851 726 1899 caecus
758 1831 893 1896 siue
925 1833 995 1894 ut
1026 1829 1269 1894 detorto
1303 1829 1662 1894 testimonio
1696 1827 1993 1894 lectorem
2019 1828 2535 1894 circumduceret.
2581 1830 2708 1895 iam
2737 1831 2960 1915 opinor

508 1946 840 2033 apparebit
885 1966 964 2011 ex
1008 1945 1118 2011 illo
1165 1944 1299 2010 loco
1348 1945 1425 2010 de
1459 1951 1712 2010 nostrae
1747 1944 1983 2026 elegiae
2013 1950 2299 2030 tempore
2332 1965 2590 2031 prorsus
2622 1946 2780 2011 nihil
2812 1966 2960 2012 con-

505 2065 673 2133 cludi
720 2084 923 2150 posse.

687 2185 897 2247 cetera
944 2178 1151 2264 quiuis
1197 2177 1368 2244 facili
1417 2197 1606 2264 opere
1653 2178 1944 2262 corriget.

1657 2668 1782 2745 V.

703 2879 780 2945 de
828 2883 1049 2963 quarto
1082 2875 1395 2962 Propertii
1441 2874 1602 2940 libro
1650 2894 1791 2940 cum
1839 2874 2038 2940 multa
2085 2876 2438 2959 quaerenda
2470 2881 2680 2942 essent
2709 2897 2868 2962 quae
2899 2886 2964 2946 et

505 2996 931 3083 quaestionem
967 2999 1303 3080 poscerent
1334 2998 1398 3059 et
1422 2992 1866 3057 suauissimum
1896 2992 2239 3077 quaerendi
2261 2972 2538 3059 laborem
2564 2995 2959 3079 praeberent,

503 3113 593 3180 nil
640 3119 851 3180 tamen
899 3113 989 3177 ita
1036 3110 1312 3176 animum
1365 3108 1607 3175 allicuit
1654 3129 1839 3193 quam
1873 3108 2262 3175 Lachmanni
2296 3111 2644 3177 sententiae
2675 3131 2959 3195 censura,

505 3231 615 3316 qui
663 3232 957 3314 quartum
1009 3228 1234 3294 librum
1284 3227 1600 3309 fragmina
1632 3226 1814 3290 rudia
1846 3232 1909 3291 et
1938 3226 2248 3308 indigesta
2281 3226 2357 3293 ab
2391 3227 2610 3293 amicis
2643 3227 2812 3293 edita
2842 3247 2960 3312 pu-

501 3348 682 3413 tauit.
741 3366 991 3430 semper
1023 3344 1187 3411 enim
1224 3344 1452 3409 mirum
1480 3325 1634 3408 mihi
1670 3343 2000 3409 uidebatur
2034 3343 2198 3428 quod
2230 3343 2385 3408 haec
2417 3350 2653 3410 temere
2683 3344 2749 3409 in
2782 3364 2959 3410 ceras

502 3464 782 3531 coniecta
850 3462 1130 3528 carmina
1182 3467 1441 3538 ‚tantam
1512 3461 1699 3525 metri
1762 3481 1974 3530 curam
2034 3461 2491 3525 demonstrant·
2528 3466 2599 3525 ut
2657 3482 2767 3526 suo
2822 3462 2960 3528 iure

502 3601 719 3647 omnes
776 3578 967 3665 periti
1026 3582 1246 3663 poetae
1306 3575 1696 3658 diligentiam
1746 3574 2164 3641 laudauerint.
2258 3596 2375 3642 nec
2421 3577 2627 3642 minus
2676 3577 2961 3643 dubitaui

503 3717 583 3763 an
642 3716 803 3781 quae
861 3716 938 3761 ex
984 3693 1374 3760 Lachmanni
1434 3692 1749 3757 sententia
1806 3693 1894 3757 ita
1942 3714 2065 3758 non
2114 3693 2520 3759 cohaererent
2565 3698 2635 3759 ut
2680 3715 2759 3760 ne
2806 3715 2962 3780 puer

504 3813 759 3901 quidem
808 3811 1162 3879 balbutiens
1210 3810 1404 3875 uerba
1450 3813 1580 3873 tam
1626 3808 1987 3894 interrupta
2034 3814 2097 3874 et
2144 3810 2452 3896 dissipata
2497 3810 2760 3894 iaceret,
2810 3810 2963 3877 haec

501 3929 592 3996 ita
645 3927 960 3995 elaborari
1019 3931 1274 4013 possent
1331 3932 1403 3991 ut
1448 3926 1535 3990 nil
1592 3925 2074 3991 desideraretur.
2169 3926 2437 4011 denique
2497 3928 2736 3993 discere
2793 3928 2961 4013 cupii

498 4053 711 4112 utrum
757 4044 1127 4130 Propertius
1192 4063 1398 4125 ungue
1459 4062 1667 4108 morso
1726 4042 1994 4126 stiloque
2052 4043 2400 4109 sexcenties
2448 4063 2631 4109 uerso
2679 4043 2962 4109 carmina

500 4183 616 4230 sua
659 4162 927 4229 feruoris
974 4161 1164 4248 plena
1210 4159 1632 4241 excogitasset
1680 4180 1760 4224 an
1793 4159 2030 4242 ingenii
2064 4179 2309 4244 quoque
2343 4180 2457 4227 nec
2488 4160 2681 4226 solius
2713 4159 2961 4226 molesti

496 4277 731 4345 laboris
776 4279 1049 4343 fructum
1099 4277 1543 4361 aspiceremus.

680 4415 835 4480 quas
884 4394 1282 4479 quaestiones
1329 4400 1401 4459 ut
1445 4393 1499 4459 si
1545 4412 1670 4458 non
1720 4392 1798 4457 ad
1829 4391 2017 4459 finem
2050 4392 2391 4479 perducam
2431 4397 2641 4459 tamen
2673 4390 2960 4459 incohem

498 4511 626 4578 iam
675 4512 949 4597 primam
1004 4510 1269 4593 elegiam
1321 4509 1558 4595 optime
1605 4509 1941 4575 cohaerere
1979 4510 2445 4577 demonstrabO.

682 4632 871 4711 atque
941 4626 1231 4693 uersibus
1307 4627 1476 4692 1-8
1548 4626 1625 4691 de
1687 4631 1947 4711 aspectu
2006 4644 2189 4710 quem
2249 4625 2448 4691 Roma
2504 4623 2961 4708 antiquissimis

2454 4730 2532 4784 3*
