3428 5235
1661 323 1747 388 38

487 500 985 567 emendationem
1023 499 1294 566 inueniri
1328 519 1451 565 non
1485 518 1687 586 posse.
1762 519 1903 564 nam
1942 503 2273 584 postquam
2309 498 2591 564 Fidenas
2616 539 2700 547 -
2724 501 2837 564 uia
2867 498 2934 563 in

487 618 772 684 Fidenas
798 653 881 664 —
909 621 1052 683 uias
1084 622 1392 682 mutatum
1432 620 1547 699 est,
1592 615 1946 681 necessario
1980 635 2189 681 errore
2224 617 2413 701 lonqa
2445 615 2511 679 in
2546 615 2727 702 lonye
2758 614 2934 680 abiit.

485 734 594 800 sed
645 734 752 818 qui
798 734 962 800 hunc
992 734 1200 800 locum
1230 732 1761 819 interpretemur?
1808 751 2009 817 neque
2043 732 2135 797 ita
2164 730 2373 798 hercle
2405 735 2476 796 ιιι
2507 730 2736 796 Albam
2767 730 2937 796 inter

483 849 744 915 Romam
796 854 858 916 et
897 849 1166 916 Fidenas
1214 844 1399 915 sitam
1452 869 1589 915 esse
1637 849 1919 914 dicamus
1967 866 2168 932 neque
2213 847 2307 913 ita
2336 852 2409 913 ut
2438 846 2670 913 Albam
2700 845 2937 913 Romae

483 966 678 1032 fuisse
724 987 1123 1049 censeamus,
1186 968 1266 1033 ad
1315 985 1502 1049 quam
1552 967 1829 1051 ineptam
1879 966 2257 1031 sententiam
2302 962 2693 1030 Lachmanni
2741 964 2937 1029 inter-

484 1083 758 1168 pretatio
818 1084 1011 1149 redit:
1071 1083 1246 1148 stetit
1293 1081 1455 1148 Alba
1513 1081 1628 1146 hac
1686 1080 1795 1146 ubi
1856 1082 1997 1147 uiae
2042 1080 2313 1146 Fidenas
2372 1079 2669 1146 ducentes
2715 1079 2940 1162 longae

485 1205 666 1264 erant
711 1200 751 1263 i.
789 1220 840 1264 e.
877 1199 1132 1265 Romae.
1199 1199 1304 1264 sed
1353 1219 1561 1264 nonne
1607 1198 1962 1263 necessario
2006 1218 2077 1262 eo
2112 1198 2400 1263 ducimur
2432 1203 2503 1263 ut
2534 1198 2636 1262 uia
2667 1196 2937 1263 Fidenas

486 1337 533 1382 s.
583 1318 725 1381 uiae
771 1315 1045 1380 Fidenae
1091 1335 1215 1380 non
1265 1315 1501 1381 Romae
1548 1316 1657 1381 sed
1705 1315 1907 1380 Albae
1951 1314 2206 1381 fuerint.
2301 1314 2467 1399 quod
2516 1320 2725 1380 autem
2768 1316 2938 1380 uiam

484 1432 659 1497 illam
730 1431 979 1512 longam
1041 1431 1121 1496 ad
1179 1431 1378 1497 Albae
1433 1450 1778 1514 cognomen
1833 1431 2231 1497 notissimum
2298 1432 2488 1516 lonqa
2543 1429 2936 1495 referendam

484 1569 624 1613 esse
671 1555 955 1633 apparet,
1005 1554 1075 1613 ut
1121 1548 1197 1613 ob
1234 1547 1505 1615 ,eandem
1556 1567 1810 1613 causam
1850 1552 1912 1613 et
1943 1546 2107 1612 Alba
2140 1550 2202 1617 et
2233 1547 2335 1611 uia
2369 1545 2478 1610 illa
2508 1545 2701 1610 fuerit
2731 1545 2939 1630 longa,

486 1665 594 1728 uia
638 1663 910 1730 Fidenas
966 1684 1080 1748 per
1132 1669 1332 1728 totam
1378 1663 1596 1729 urbem
1647 1663 1901 1728 duxisse
1948 1663 2295 1728 uidebitur:
2355 1681 2472 1727 nec
2519 1661 2728 1726 minus
2776 1661 2942 1728 Alba

484 1785 633 1844 tunc
689 1780 866 1844 stetit
909 1780 950 1843 i.
1001 1799 1052 1844 e.
1100 1779 1377 1844 nondum
1437 1778 1645 1844 deleta
1699 1785 1835 1844 erat
1892 1786 1954 1844 et
1999 1778 2089 1844 ibi
2137 1778 2386 1862 quidem
2434 1777 2540 1843 ubi
2570 1777 2777 1859 ‚longa
2826 1777 2940 1845 illa

429 1904 453 1966 ‚⁴
485 1896 591 1961 uia
638 1901 796 1979 erat,
845 1915 966 1979 quo
1015 1894 1403 1979 significatur
1452 1915 1588 1962 eam
1638 1896 1883 1978 urbem,
1929 1894 1996 1960 in
2045 1913 2169 1978 qua
2213 1894 2403 1976 longa
2448 1893 2554 1959 uia
2583 1893 2829 1977 fuisset,
2879 1901 2944 1960 et

486 2003 692 2097 ipsam
753 2012 1004 2094 longam
1050 2012 1247 2077 fuisse
1295 2018 1359 2077 et
1405 2018 1749 2096 potentem.
1846 2030 2032 2095 quam
2082 2011 2458 2076 sententiam
2507 2029 2671 2096 pono
2722 2030 2940 2096 quam-

486 2148 671 2213 quam
722 2127 972 2193 aliunde
1019 2127 1109 2191 nil
1157 2127 1233 2193 de
1263 2126 1567 2192 Fidenate
1612 2129 1716 2192 uia
1748 2126 1947 2192 Albae
1981 2127 2128 2192 scio,
2194 2127 2304 2192 sed
2335 2131 2504 2192 recte
2538 2125 2690 2192 mihi
2722 2127 2944 2193 uideor

488 2264 565 2309 ex
615 2243 729 2309 hoc
778 2244 915 2308 loco
963 2263 1098 2308 eam
1149 2243 1496 2324 collegisse.
1561 2263 1750 2326 quam
1798 2243 2383 2328 interpretationem
2432 2244 2487 2308 si
2529 2264 2655 2309 non
2688 2245 2942 2330 accipis,

486 2360 680 2425 ullam
730 2361 1104 2427 sententiam
1151 2359 1244 2425 illi
1294 2361 1502 2426 uersui
1552 2360 1808 2425 subesse
1853 2379 2037 2442 nego,
2084 2360 2503 2425 coniecturam
2554 2360 2942 2444 probabilem

487 2496 828 2560 numquam
862 2460 1202 2544 'inuentum
1251 2477 1330 2543 iri
1378 2482 1621 2542 tantum
1673 2496 1797 2542 non
1846 2475 2113 2542 affirmo.

668 2613 806 2661 cum
856 2594 1050 2677 igitur
1098 2614 1134 2660 a
1181 2594 1398 2680 paucis
1457 2599 1778 2680 pastorum
1838 2593 2000 2659 casis
2047 2591 2309 2659 Romam
2360 2591 2665 2676 originem
2715 2592 2945 2663 ducere

490 2711 845 2795 expositum
906 2718 1102 2794 esset,
1158 2713 1249 2776 ita
1304 2711 1466 2776 hanc
1541 2711 1840 2776 carminis
1902 2714 2148 2795 partem
2216 2709 2533 2775 concludit
2588 2714 2804 2795 poeta,
2875 2715 2947 2777 ut

488 2827 840 2893 Romanum
892 2827 1214 2893 alumnum
1264 2828 1485 2912 primis
1532 2826 1925 2912 temporibus
1971 2826 2059 2891 nil
2109 2825 2403 2892 habuisse
2451 2827 2638 2910 dicat,
2701 2846 2782 2892 ne
2828 2846 2944 2893 nu-

493 2945 711 3011 tricem
762 2945 1012 3029 quidem
1063 2944 1424 3026 humanam,
1480 2946 1552 3007 ut
1598 2943 1819 3008 eadem
1865 2943 2159 3025 cogitatio
2216 2962 2376 3028 quae
2422 2943 2548 3009 iam
2597 2945 2665 3010 in
2711 2965 2815 3011 uu.
2859 2947 2941 3013 31

494 3062 667 3127 —36
717 3068 850 3126 erat
898 3061 1087 3126 etiam
1137 3064 1440 3143 augeatur
1487 3064 1550 3126 et
1598 3059 1678 3125 ad
1726 3080 2036 3125 summum
2088 3060 2350 3142 gradum
2401 3061 2797 3147 perducatur.

670 3178 952 3262 sequitur
999 3177 1272 3242 secunda
1317 3177 1614 3242 carminis
1663 3197 1831 3262 pars.
1909 3183 2241 3263 postquam
2278 3178 2441 3242 euim
2478 3179 2946 3247 uetustissimae

490 3293 725 3358 Romae
778 3294 1246 3379 simplicitatem
1304 3293 1619 3379 depinxit,
1676 3313 1864 3377 quam
1932 3298 2142 3359 tamen
2199 3293 2299 3359 dei
2367 3293 2493 3359 illis
2541 3294 2739 3360 initiis
2797 3317 2945 3381 pro-

494 3411 632 3496 pitii
678 3410 914 3475 fuerint
961 3415 1281 3475 narratur:
1343 3409 1462 3475 huc
1510 3410 1549 3475 i.
1595 3430 1648 3475 e.
1692 3409 1773 3475 ad
1834 3415 2068 3474 terram
2117 3409 2300 3475 modo
2350 3408 2731 3495 descriptam
2781 3411 2946 3497 quod

488 3525 683 3604 ,Troia
728 3525 995 3592 Penates
1051 3527 1224 3591 misit
1280 3526 1506 3592 melius
1564 3532 1701 3592 erat
1755 3546 1939 3610 quam
2001 3526 2056 3591 si
2101 3526 2187 3592 ibi
2234 3526 2703 3593 remansissent.
2799 3549 2943 3595 nam

494 3640 1034 3729 proficiscentibus
1082 3643 1208 3709 iam
1258 3643 1421 3709 bona
1468 3650 1649 3709 erant
1695 3643 1909 3709 omina
1973 3642 2351 3726 (40—47)‚
2421 3643 2826 3711 aduenientes
2881 3646 2946 3712 in

495 3758 740 3823 Italiam
772 3760 982 3825 fausta
1013 3765 1181 3825 terra
1215 3759 1462 3845 excepit
1496 3757 1837 3844 (48—54)‚
1887 3759 2269 3825 aduenarum
2303 3758 2548 3844 prolem
2578 3764 2648 3826 ut
2679 3763 2949 3830 nutriret

495 3874 665 3941 Mars
713 3881 893 3961 pater
939 3876 1076 3961 ipse
1121 3876 1333 3961 lupam
1384 3896 1558 3941 suam
1610 3876 1782 3941 misit
1830 3875 1960 3957 (55.
1994 3871 2126 3960 56).
2223 3894 2407 3959 quam
2459 3875 2744 3943 ultimam
2801 3898 2947 3946 sen-

496 3992 756 4058 tentiam
807 3998 995 4077 poeta
1041 3994 1130 4059 sic
1176 3993 1495 4077 formauit,
1545 4000 1613 4058 ut
1660 3999 1808 4078 apta
1856 3997 2021 4058 esset
2064 3994 2258 4059 totius
2306 3993 2601 4060 carminis
2647 3994 2946 4063 clausula.

674 4110 800 4176 iam
850 4109 1241 4196 PropertiuS‚
1299 4111 1407 4196 qui
1455 4129 1576 4175 non
1623 4130 1751 4175 una
1799 4110 2042 4193 integra
2098 4109 2296 4193 elegia
2352 4110 2460 4176 sed
2521 4111 2946 4179 additamento

503 4227 770 4312 quodam
822 4227 1150 4292 consilium
1203 4227 1365 4312 quod
1415 4228 1582 4313 cepit
1629 4246 1946 4311 exponere
1991 4227 2339 4311 constituit,
2397 4228 2586 4294 tertia
2632 4234 2812 4314 parte
2858 4229 2950 4295 sic

499 4343 733 4428 pergit:
799 4344 1119 4409 miramini
1176 4344 1341 4429 quod
1397 4344 1474 4411 de
1528 4343 1855 4409 moenibus
1914 4342 2155 4429 loquor.
2261 4364 2415 4410 sane
2476 4344 2726 4429 quidem
2783 4364 2950 4411 nunc

501 4461 749 4526 moenia
795 4461 898 4547 pio
948 4461 1212 4547 dispono
1262 4482 1467 4528 uersu.
1557 4461 1623 4527 in
1674 4459 2079 4544 sequentibus
2127 4460 2215 4526 nil
2264 4466 2361 4528 est
2406 4460 2570 4545 quod
2627 4461 2767 4545 quis
2813 4462 2949 4528 iure

500 4576 836 4662 uituperet.
