3428 5235
1719 322 1798 385 12

517 495 767 581 animus
814 515 955 562 cum
1004 497 1259 562 feminei
1307 497 1588 582 corporis
1635 497 2067 575 imbecillitate
2114 519 2389 584 pugnam
2438 501 2758 593 pugnabat
2804 507 2974 572 atro-

519 612 859 677 cissimam.
967 615 1081 681 sed
1153 615 1515 682 residebant
1581 616 1911 701 paullatim
1984 616 2178 681 animi
2261 622 2468 683 motus
2540 638 2810 704 moxque
2878 621 2976 687 ira

521 727 889 796 infirmitate
936 733 1217 817 corporis
1267 733 1432 799 uicta
1477 734 1705 799 iterum
1753 732 2021 818 supplex
2068 738 2272 799 mater
2310 754 2474 817 genu
2504 732 2768 800 inflexit.
2838 740 2974 823 tum

517 845 630 911 illa
687 843 1114 933 ἆναγνώρισις
1168 857 1232 916 et
1286 870 1427 915 sera
1483 822 1694 915 tamen
1752 851 1976 935 pietas.
2072 851 2238 935 quod
2294 852 2346 916 si
2407 872 2629 917 uerum
2685 857 2781 919 est
2827 854 2977 938 quia

521 967 667 1048 post
711 983 875 1045 genu
921 964 1199 1046 grauiter
1243 966 1814 1051 interpungendum
1864 966 2147 1049 uidetur,
2205 967 2283 1032 ad
2332 967 2591 1033 editoris
2636 970 2838 1034 nostri
2884 973 2977 1036 sic

523 1081 699 1162 adit,
750 1080 914 1163 quod
963 1101 1043 1148 ex
1089 1081 1355 1148 lectione
1403 1081 1454 1147 Ο
1503 1086 1564 1147 si
1606 1085 1781 1148 cadit
1825 1081 2049 1167 effecit,
2094 1097 2279 1150 natos
2325 1084 2530 1149 audiri
2575 1103 2702 1150 non
2749 1090 2975 1170 potest.

521 1193 858 1262 Praeterea
904 1200 1077 1262 cadit
1120 1197 1318 1264 multo
1366 1198 1507 1284 plus
1554 1199 1743 1265 habet
1786 1219 2128 1265 neruorum
2176 1205 2241 1266 et
2286 1201 2481 1265 animi
2528 1199 2824 1286 impetus,

1713 1496 1778 1559 4.

592 1632 689 1703 ΙΙΙ,
731 1634 814 1703 14,
856 1634 938 1688 14.
1013 1634 1199 1699 Qualis
1236 1633 1633 1689 Amazonidum
1676 1633 1897 1689 nudatis
1935 1633 2130 1689 bellica
2168 1635 2416 1689 mammis

1124 1732 1632 1787 Thermodontiacis
1668 1732 1847 1802 turba,
1885 1733 2116 1802 lauatur‚
2155 1734 2329 1802 aquis,

524 1858 727 1925 editor
773 1865 988 1926 noster
1033 1861 1124 1926 nil
1170 1861 1483 1927 infelicius
1515 1862 1632 1928 hoc
1662 1866 2015 1928 commento
2048 1861 2432 1928 Lachmanni
2469 1881 2684 1928 uocem
2722 1863 2979 1929 lauatur

522 1979 853 2043 commatis
921 1977 1299 2044 includentis
1370 1979 1559 2062 uidit,
1633 2000 1746 2062 ego
1813 1978 1901 2044 nil
1973 1979 2378 2061 ingeniosius,
2472 1977 2756 2044 conferas
2811 1980 2977 2044 enim

525 2092 632 2178 IV,
683 2095 745 2177 8,
794 2094 910 2160 55:

1029 2206 1283 2263 fulminat
1320 2208 1410 2262 illa
1448 2209 1621 2262 oculis
1659 2212 1717 2262 et
1752 2211 2017 2276 quantum
2056 2205 2259 2261 femina
2295 2208 2492 2277 saeuit,

705 2336 812 2402 ubi
842 2337 1337 2423 interpretemur
1369 2357 1622 2403 necesse
1654 2341 1779 2403 est:
1813 2339 1931 2402 illa
1954 2341 2158 2402 saeuit
2181 2350 2485 2423 quantum
2498 2337 2757 2423 femina
2779 2341 2984 2403 saeuit

526 2458 598 2518 ut
627 2461 841 2520 nostro
874 2455 1036 2520 loco:
1081 2456 1380 2521 Lacaena
1413 2456 1670 2520 lauatur
1698 2468 1770 2519 ut
1796 2456 2260 2519 Amazonidum
2291 2454 2477 2519 turba
2502 2455 2779 2536 lauatur,
2817 2453 2980 2537 quod
3055 2522 3062 2527 ,

529 2571 580 2637 si
615 2591 739 2637 non
786 2572 1119 2640 fecerimus
1169 2593 1365 2658 aeque
1397 2573 1612 2658 inepta
1645 2572 1959 2638 sententia
1990 2571 2255 2637 orietur:
2307 2571 2502 2637 oculis
2533 2573 2652 2636 illa
2662 2573 2983 2657 fulminat

530 2704 588 2756 et
631 2704 873 2757 tantum
918 2692 1241 2772 fulminat,
1294 2704 1597 2777 quantum
1617 2692 1877 2775 femina
1908 2693 2111 2754 saeuit
2142 2695 2232 2753 et:
2281 2689 2581 2754 Lacaena
2611 2690 2758 2753 talis
2791 2701 2983 2775 caput

530 2832 673 2873 aere
729 2812 1011 2896 proteqit
1074 2820 1145 2872 ut
1212 2809 1678 2872 Amazonidum
1747 2806 1934 2871 turba
2002 2806 2276 2870 lauatur.
2378 2825 2579 2889 neque
2649 2806 2975 2889 quisquam

536 2926 760 3011 opinor
807 2926 872 2990 in
919 2923 1031 2988 tali
1081 2909 1639 3005 enuntiatiforma
1681 2922 2015 2987 haesisset:
2068 2924 2277 3008 qualis
2311 2923 2495 2987 turba
2525 2924 2995 2987 Amazonidum

536 3043 810 3107 lauatur.
907 3041 1071 3126 quod
1131 3046 1337 3106 autem
1395 3044 1582 3127 aquis
1639 3040 1922 3123 sequit-ur
1979 3043 2122 3123 post
2166 3041 2421 3104 lauatur
2467 3038 2612 3104 huic
2656 3039 2747 3103 rei
2796 3037 2994 3104 Lach-

535 3178 799 3223 mannus
848 3158 1084 3244 optime
1132 3156 1363 3223 Catulli
1410 3157 1546 3222 loeo
1596 3157 1704 3240 64,
1755 3156 1915 3221 240:

961 3299 1097 3353 haec
1135 3297 1394 3352 mandata
1431 3297 1581 3366 prius
1618 3295 1896 3350 constanti
1935 3298 2115 3348 mente
2152 3298 2431 3350 tenentem

961 3397 1181 3452 Thesea
1215 3411 1317 3451 ceu
1352 3396 1544 3467 pulsae
1580 3399 1868 3448 uentorum
1906 3391 2125 3446 flamine
2162 3391 2338 3448 nubes

963 3497 1170 3551 aerium
1210 3494 1355 3549 niuei
1394 3494 1593 3549 montis
1630 3493 1837 3562 liquere
1874 3506 2154 3547 cacumen.

538 3627 968 3714 patrocinatus
1016 3631 1131 3692 est.

717 3771 845 3838 iam
901 3769 1114 3851 uides,
1180 3769 1232 3833 si
1282 3773 1446 3833 recte
1495 3766 1986 3851 disputauerim,
2046 3763 2295 3829 defendi
2344 3763 2596 3827 omnino
2643 3777 2767 3827 non
2814 3779 3001 3847 posse

542 3887 847 3953 librorum
896 3886 1011 3951 DV
1061 3888 1380 3951 lauantur.
1461 3884 1569 3949 sed
1618 3884 1720 3948 uir
1767 3882 2188 3963 doctissimus,
2238 3885 2308 3945 ut
2352 3883 2667 3945 commata
2711 3878 2823 3943 illa
2869 3878 3001 3944 eui-

542 4008 708 4071 taret
753 4023 1055 4087 suamque
1101 4002 1431 4068 lectionem
1481 4004 1785 4066 lauantur
1829 4002 2132 4078 seruaret,
2182 3998 2293 4062 hos
2340 4016 2560 4061 uersus
2610 3999 2751 4080 post
2791 4014 2851 4059 n.
2895 3996 2998 4059 16.

544 4122 952 4207 transposuit.
1049 4126 1114 4186 at
1159 4120 1275 4186 hac
1321 4120 1666 4185 mutatione
1711 4138 1862 4182 num
1915 4115 2138 4199 effecit,
2186 4119 2257 4179 ut
2303 4114 2513 4179 omnia
2561 4112 2715 4178 bene
2763 4112 3004 4177 coirent

546 4260 889 4324 sanamque
946 4239 1323 4325 praeberent
1376 4234 1795 4302 sententiam?
1854 4254 1979 4298 non
2038 4232 2188 4315 hoc,
2238 4231 2345 4297 sed
2404 4230 2676 4315 primum
2726 4232 2799 4292 ut
2844 4227 3004 4292 duae

547 4362 874 4443 praeterea
928 4357 1309 4421 mutationes
1366 4354 1756 4420 necessariae
1816 4354 2026 4417 essent
2085 4351 2232 4415 talis
2290 4362 2349 4414 et
2399 4365 2515 4433 pro
2574 4347 2784 4433 qualis
2831 4357 2890 4410 et
2942 4347 3007 4409 et

552 4487 809 4541 uersata
853 4493 968 4559 pro
1015 4472 1319 4539 librorum
1366 4484 1615 4537 armata
1663 4470 1798 4535 siue
1845 4491 2074 4553 capere
2120 4489 2323 4546 arma,
2374 4463 2599 4529 deinde
2644 4465 2715 4526 ut
2761 4463 3003 4526 retento

549 4590 875 4675 archetypi
908 4589 960 4656 Ο
1009 4592 1265 4677 capillis
1309 4609 1422 4674 pro
1453 4590 1645 4655 nudis
1678 4585 2110 4671 reponendum
2145 4582 2467 4647 uideretur
2480 4581 2731 4664 fluidis,
2784 4595 3005 4671 quam-
